1651 2680
264 693 319 727 10.

262 934 318 969 15.

258 1176 314 1208 20.

670 195 698 227 6.
738 193 838 225 Horae
859 191 994 225 Tertiae.

352 265 442 298 Hora
467 267 565 298 tertia
590 266 643 306 qui
669 266 783 297 missus
805 263 964 296 advenisti
989 263 1133 301 caelitus,

351 313 455 355 Nunc,
482 313 580 350 Deus,
606 313 648 344 ad
675 323 732 345 nos
758 312 912 353 benignus
938 311 1022 352 veni,
1047 312 1157 341 sancte
1183 307 1336 350 spiritus,

352 361 412 400 Qui
438 361 596 401 paraliter
620 369 654 391 es
676 361 747 400 pius
773 365 808 391 ut
832 363 925 400 pater
950 362 980 390 et
1006 357 1100 389 filius.

349 409 441 440 Exue
467 417 524 440 nos
549 407 718 450 universis,
747 416 873 446 precor,
899 415 919 437 a
942 404 1072 445 flagitiis

317 479 324 488 .
350 455 563 489 Facinoribus
589 460 621 486 et,
647 455 768 486 cunctis
795 454 1002 493 omnibusque
1028 451 1114 484 vitiis

348 503 514 542 Indueque
539 507 572 534 tc
596 511 654 534 nos
680 502 781 542 gratis
807 502 965 542 indignos,
990 503 1027 532 ut
1052 499 1220 540 perspicis.

346 551 428 582 Nam
457 549 588 582 fovebas
614 550 795 582 universam
823 548 934 582 mundi
961 549 1034 580 novi
1063 547 1220 579 fabricam

343 597 520 630 Animabas
547 601 643 638 atque
670 602 814 629 cunctam
841 600 1006 628 creaturae
1033 595 1225 637 machinam,

344 645 525 678 Ostendens
551 645 826 685 multiplicandam
854 642 1074 685 septiformem
1102 644 1251 684 gratiam.

347 693 442 728 Unde
467 698 499 725 te
525 702 684 734 rogamus,
709 693 791 725 alme
817 693 950 732 spiritus
974 692 1143 732 paraclite,

344 742 506 781 Quatenus
533 741 673 780 digneris
699 749 760 781 ope
786 739 923 772 famulos
949 741 1089 772 invisere

342 789 472 829 Nosque
497 793 579 829 tuos,
606 789 786 827 benedicte,
813 789 958 821 servulos
985 788 1126 827 efficere,

342 839 389 872 Ut
412 838 572 877 possimus
597 837 630 868 in
657 842 822 869 aeternum
848 838 969 869 habere
995 837 1170 877 propitium

341 886 388 918 Te
414 889 445 917 et
469 892 594 926 patrem
621 886 851 926 sempiternum
878 885 1040 926 filiumque
1069 886 1252 923 maximum,

344 935 481 974 Quorum
509 940 559 967 est
583 943 646 965 una
673 938 816 974 potestas
843 938 871 965 et
901 935 1076 965 communis
1102 935 1231 975 caritas,

340 981 517 1015 Ineffabilis
544 982 703 1024 maiestas,
732 982 857 1013 infinita
885 982 1020 1023 bonitas,

339 1030 554 1063 Admirabilis
582 1029 719 1062 facultas
747 1035 777 1060 ct
804 1031 924 1061 invicta
951 1030 1064 1069 pietas,

343 1079 554 1119 Inexplebilis
581 1079 740 1118 voluptas,
769 1087 884 1118 perpes
912 1078 1146 1119 immortalitas,

341 1127 463 1166 Honor,
492 1127 593 1158 virtus
617 1130 713 1166 atque
740 1135 882 1166 regnum‚
912 1126 1008 1157 decus
1036 1131 1067 1158 et
1094 1126 1274 1165 imperium,

341 1176 420 1216 lnge
444 1179 607 1215 sceptrum
634 1179 665 1205 et
691 1179 858 1214 tropaeum
885 1174 1042 1214 simulque
1069 1175 1259 1214 tripudium.

341 1223 454 1256 Gloria
479 1224 520 1254 sit
547 1223 616 1255 Deo
642 1223 728 1263 patri
756 1223 902 1263 prolique
929 1224 1069 1262 spiritui,

338 1271 407 1303 Deo
434 1271 518 1303 trino
544 1279 603 1303 nec
629 1281 691 1302 non
719 1271 783 1312 uni,
812 1273 894 1313 paci,
924 1272 1018 1311 vitae,
1048 1271 1171 1312 lumini,

338 1319 468 1352 Nomini
494 1320 643 1351 nimirum
672 1319 757 1351 dulci
786 1319 958 1359 divinoque
985 1320 1117 1351 numini.

228 1395 348 1423 collect.
378 1404 430 1423 ms.
462 1397 591 1423 incertae
620 1397 692 1431 orig,
726 1404 802 1422 saec.
831 1395 873 1423 10.
897 1396 967 1423 0011.
990 1397 1114 1423 liei-nen.
1137 1394 1202 1423 ³384.
1226 1411 1262 1415 ——
1283 1393 1301 1422 2
1324 1405 1341 1422 a
1364 1404 1425 1422 nos.

151 1432 170 1461 4
190 1442 294 1471 precor
314 1434 476 1471 adfligitiis.
499 1450 533 1454 —
557 1434 574 1462 9
597 1436 804 1470 septiformam.
828 1451 863 1454 —
886 1433 919 1462 21
944 1435 1019 1470 proli
1043 1436 1124 1470 quin.

264 2074 320 2108 10.

719 1569 745 1597 7.
787 1567 911 1597 Sextae.

342 1639 433 1671 Hora
459 1642 550 1671 sexta
577 1638 756 1679 crucifixus,
782 1640 896 1670 summi
923 1640 1025 1678 patris
1052 1638 1173 1679 unicus,

342 1687 403 1726 Qui
427 1687 492 1718 tuis
519 1692 651 1719 aeterna
676 1688 772 1719 salus.
801 1687 962 1728 perpetim
990 1687 1152 1727 propitius

344 1735 481 1768 Nostros
509 1736 617 1768 deleas
645 1745 794 1767 excessus
821 1740 851 1767 et
878 1740 1022 1776 peccata,
1051 1744 1252 1776 quaesumus,

344 1784 387 1817 Et
413 1793 432 1815 a
457 1784 548 1816 nobis
575 1784 661 1824 pelle
687 1788 818 1823 taetras,
847 1785 900 1815 lux
927 1787 1069 1824 aeterna,
1098 1783 1258 1824 tenebras,

308 1857 317 1866 .
343 1833 428 1872 Quas
457 1832 567 1864 Iudaei
594 1832 842 1872 perpendendas
869 1842 931 1864 non
959 1842 1088 1863 sensere
1115 1832 1267 1872 mysticas

344 1881 458 1920 Neque
483 1891 557 1913 suas
583 1881 771 1913 tenebrosas
798 1886 997 1920 agnoverunt
1024 1881 1175 1916 maculas,

345 1929 475 1963 Caecati
502 1927 665 1970 profunda
691 1932 784 1961 nocte
811 1929 918 1970 corde,
947 1938 1013 1966 ore,
1041 1937 1148 1968 opere.

344 1977 441 2012 Unde
467 1982 541 2009 sunt
567 1978 670 2018 gavisi
697 1977 829 2009 multum
858 1981 947 2009 tanto
975 1977 1014 2008 cle.
1041 1976 1194 2016 facinore,

345 2026 485 2060 Accensi
510 2025 652 2058 nefanda
677 2034 755 2057 nece
782 2025 904 2057 facibus
929 2025 1083 2058 invidiae.

347 2075 412 2108 Sed
439 2077 473 2105 tu
500 2074 665 2114 splendor,
692 2075 776 2107 alme
805 2074 900 2116 Deus,
930 2074 992 2105 tuis
1020 2075 1064 2105 sis
1091 2073 1250 2109 fidelibus,

345 2122 484 2156 Multum
513 2122 652 2153 clemens
679 2126 709 2154 et
736 2123 891 2162 benignus
918 2125 1013 2161 atque
1040 2121 1347 2162 praestantissimus.

347 2171 468 2204 Nostra
494 2178 622 2210 semper
649 2170 732 2202 dona
758 2170 850 2202 nobis
877 2174 1010 2210 peccata
1038 2170 1233 2210 deplangere

348 2219 559 2258 Maculasque
585 2217 758 2250 iuventutis
785 2218 926 2249 lacrimis
955 2218 1088 2257 diluere,

348 2267 447 2300 Bonis
473 2267 591 2307 iugiter
616 2266 748 2308 instare,
776 2267 861 2298 mala
886 2274 962 2298 vero
989 2265 1099 2306 fugere

315 2339 322 2348 .
350 2315 466 2348 Gratia
491 2323 682 2355 semperque
708 2318 763 2346 tua
789 2314 928 2347 caelibes
955 2314 1121 2355 exsistere,

352 2364 422 2402 Quo
447 2370 607 2403 perennes
631 2361 693 2394 tibi
715 2363 828 2394 laudes
855 2363 1018 2394 valeamus
1047 2363 1166 2395 dicere.

350 2411 402 2443 Ex
427 2413 472 2452 te,
498 2419 558 2451 per
583 2410 685 2448 te‚·in
711 2413 743 2460 te
768 2419 894 2450 quoque
920 2410 995 2441 hinc
1021 2410 1182 2450 possimus
1208 2412 1317 2443 vivere
