1651 2680
141 199 175 232 5.

120 1492 176 1525 10.

119 1753 174 1785 11.

119 2014 173 2048 12.

118 2266 175 2300 13.

646 100 881 136 —97-

201 196 308 237 Salve,
333 204 353 227 o
378 194 468 228 frons
493 205 659 236 generosa,

197 244 308 284 Spinis
333 252 372 275 ac
393 242 470 276 fletu
496 253 622 285 rugosa,

198 293 243 325 Es
268 291 439 324 obscurata
464 292 595 324 nimium

198 341 336 381 Propter
360 340 494 371 salutem
521 341 671 373 omnium.

169 480 177 487 .
204 454 342 493 Salvae,
368 455 446 487 clari
471 455 566 493 oculi,

202 503 354 535 Flevistis
379 512 467 535 more
493 504 631 545 parvuli,

201 551 226 584 Ο
252 552 353 590 Isaac,
380 551 523 590 senuisti,

202 599 309 631 Visum
336 603 438 630 morte
464 599 649 639 perdidisti.

169 741 176 748 .
204 714 307 752 Salve,
335 713 451 745 decora
474 711 583 755 facies,

203 762 275 794 Non
300 766 371 794 erat
394 762 454 793 tihi
479 762 615 803 species,

204 809 281 842 Cum
308 810 402 841 tei-ris
428 809 545 841 stetisti
572 813 702 848 maesta,

204 858 298 891 Caelo
325 856 449 899 fulgens
475 866 570 898 auges
598 856 690 889 festa.

170 998 177 1005 .
205 973 342 1011 Salvete‚
369 982 462 1004 nares
489 976 521 1003 et
547 981 656 1013 genae,

202 1021 315 1053 Multis
338 1020 547 1052 incommodis
573 1021 698 1062 plenae,

202 1069 277 1108 Vos,
303 1077 407 1110 nares,
435 1068 539 1100 foetor
565 1068 718 1107 turbavit,

204 1118 278 1157 Vos,
304 1125 414 1157 genae,
443 1116 534 1148 dolor
561 1116 698 1148 vexavit.

203 1231 341 1270 Salvete‚
368 1241 386 1263 0
412 1240 504 1264 aures
530 1233 614 1271 piae,

203 1281 266 1311 Vos
289 1289 460 1320 pravorum
486 1279 705 1320 blasphemiae

204 1328 292 1360 Intus
318 1332 349 1360 et
374 1329 407 1359 in
434 1332 505 1360 cute
531 1329 609 1360 satis

200 1376 304 1408 Nimis
328 1380 533 1417 pupugerunt
559 1377 669 1417 gratie.

203 1491 308 1530 Salve,
335 1496 486 1533 mentum,
505 1492 603 1534 salve,
624 1491 735 1533 barba,

203 1540 248 1571 Te
274 1541 413 1580 signavit
437 1541 494 1572 illa
518 1539 629 1580 barba,

199 1589 237 1620 In
253 1597 346 1628 quarn
365 1588 531 1620 descendit
542 1592 736 1629 unguentum

200 1635 243 1668 Ut
269 1637 397 1675 sanguis
423 1637 453 1668 in
478 1641 564 1668 tuum
584 1640 734 1669 mentum.

201 1751 339 1791 Salvete‚
368 1753 479 1785 dentes
506 1753 612 1793 lactei,

198 1800 248 1831 De
275 1799 351 1832 felle
376 1799 454 1833 facti
480 1800 579 1842 fellei,

200 1848 252 1880 Ad
279 1859 372 1882 uvam
398 1851 547 1882 acerbam
574 1850 667 1882 nimis

200 1896 417 1939 Obstupuistis
443 1898 601 1939 inprimis.

200 2012 305 2053 Salve,
334 2013 442 2054 lingua
468 2014 559 2045 verbi
584 2014 656 2055 Dei,

198 2062 244 2094 Es
270 2063 382 2103 punita
409 2071 505 2095 causa
530 2063 593 2094 mei

198 2110 263 2142 Per
289 2110 376 2143 sitim
401 2115 435 2143 et,
459 2119 565 2144 escam
591 2110 688 2152 fellis,

198 2159 286 2199 Quae
311 2159 391 2191 nihil
418 2159 557 2192 habebat
583 2158 699 2191 mellis.

201 2265 308 2309 Salve,
335 2269 444 2306 guttur
470 2275 509 2298 ex
536 2265 657 2306 labore,

198 2314 250 2347 Ex
277 2315 330 2346 siti
356 2323 394 2346 ac
420 2323 459 2347 ex
486 2314 626 2345 clamore

195 2362 368 2396 Laborasti
394 2364 552 2396 raucitate

197 2411 363 2453 Simulque
388 2412 552 2444 ariditate.

154 2471 295 2500 Dreves,
313 2470 362 2494 Pia
379 2469 546 2494 Dictamina.
578 2469 639 2493 VII.

808 198 863 231 14.

814 457 866 488 15.

810 715 864 747 16.

812 972 864 1005 17.

810 1232 865 1264 18.

811 1492 865 1526 19.

811 1754 866 1787 20.

811 2016 866 2047 21.

811 2265 869 2298 22.

892 197 998 235 Salve,
1027 197 1144 229 collum
1171 203 1296 228 caesum
1325 196 1403 227 dure

892 245 1008 285 Alapis
1037 245 1140 286 gentis
1165 245 1319 285 impurae,

892 295 929 326 In
956 299 987 324 te
1015 293 1166 334 apparuit
1191 292 1335 333 pendens

894 342 1029 381 Sanguis
1059 341 1163 380 capite
1191 339 1398 372 descendens

895 456 1001 492 Salve,
1030 457 1159 488 dorsum
1186 455 1296 486 tritum
1323 453 1431 493 flagris

897 503 954 537 Uti
980 502 1173 535 frumentum
1201 504 1241 534 de
1267 503 1362 543 agris,

896 553 944 584 De
970 555 1001 582 te
1027 560 1125 591 grana
1152 551 1347 589 ceciderunt,

894 601 980 639 Quae
1006 598 1148 630 salubria
1175 598 1313 631 fuerunt.

893 713 1030 752 Salvete,
1058 713 1140 745 sacri
1169 713 1279 752 umeri,

891 762 1026 794 Exstitit
1051 761 1141 793 vobis
1167 761 1257 792 oneri

893 811 1011 842 Contra
1038 809 1116 841 iuris
1143 813 1362 850 argumentum

893 859 1027 890 Portare
1054 858 1164 889 mortis
1192 861 1396 889 tormentum.

893 972 1030 1013 Salvete‚
1060 977 1149 1003 tensa
1176 972 1318 1011 brachia,

894 1021 1052 1052 Traxistis
1078 1020 1119 1050 ad
1144 1030 1198 1051 vos
1225 1021 1342 1058 omnia,

893 1070 979 1107 Quae
1015 1073 1105 1100 erant
1133 1069 1165 1099 in
1193 1068 1281 1100 caelo
1306 1076 1432 1099 sursum

892 1117 934 1148 Et
961 1126 1041 1156 quae
1067 1118 1097 1147 in
1126 1122 1213 1148 terra
1240 1116 1398 1148 deorsum.

895 1231 1034 1273 Salvete‚
1062 1241 1172 1263 manus
1199 1236 1338 1272 tenerae,

891 1281 1023 1312 Iunctae
1050 1280 1155 1312 fuistis
1182 1281 1306 1320 misere,

895 1328 976 1360 Dum
1003 1329 1140 1360 libenter
1164 1328 1345 1359 exsolvistis

894 1377 952 1413 Ea,
981 1386 1061 1416 quae
1086 1386 1148 1407 non
1175 1376 1340 1416 rapuistis.

894 1492 1000 1533 Salve,
1029 1492 1142 1523 dextra
1168 1492 1240 1523 lesu
1269 1491 1399 1522 Christi.

895 1541 1001 1572 Grave
1028 1541 1141 1571 vulnus
1168 1540 1317 1578 habuisti,

894 1589 999 1623 Salve.
1029 1589 1151 1622 vulnus,
1179 1588 1319 1619 effudisti

893 1637 1047 1675 Pretium,
1075 1637 1158 1675 quod
1187 1636 1328 1669 tenuisti.

895 1753 1000 1794 salve,
1028 1763 1046 1784 o
1073 1762 1183 1784 manus
1211 1753 1351 1788 sinistra,

893 1803 941 1833 Tu
970 1802 1054 1832 vitae
1077 1806 1206 1833 nostrae
1233 1801 1389 1833 ministra.

894 1851 979 1882 Tuus
1007 1854 1053 1881 est
1081 1858 1175 1881 cruor
1200 1859 1319 1890 roseus,

893 1899 991 1939 Quem
1019 1898 1129 1930 effudit
1156 1898 1249 1929 homo
1276 1897 1373 1930 Deus.

896 2014 1002 2055 Salve,
1030 2017 1141 2055 pectus
1169 2014 1390 2046 contristatum

893 2063 1034 2102 Propter
1061 2062 1196 2094 hominis
1223 2066 1357 2101 reatum,

893 2112 942 2143 Tu
969 2111 1104 2150 plorasti
1131 2119 1201 2142 cum
1228 2111 1360 2150 gemitu.

894 2159 985 2199 Quod
1011 2159 1157 2199 peccavit
1182 2169 1241 2199 pro
1267 2159 1371 2190 libitu.

897 2264 1003 2303 Salve,
1029 2275 1048 2296 o
1075 2268 1186 2297 venter
1213 2274 1339 2306 carnee,

898 2314 981 2346 Caro
1008 2313 1113 2345 carnis
1141 2313 1312 2354 virgineae,

894 2362 994 2394 Tuam
1022 2361 1120 2394 Cham
1145 2362 1322 2394 nuditatem

896 2410 1015 2442 Derisit
1042 2410 1082 2442 oh
1109 2411 1312 2449 pravitatem.

1244 2465 1260 2493 7
