1653 2680
719 71 974 106 —188-

480 171 535 202 41.
563 169 611 200 De
636 173 678 206 te,
705 169 794 209 virgo
818 168 998 210 singularis,

565 217 675 248 Prodit
698 216 781 256 lapis
806 217 968 256 angularis

611 266 714 304 Aptus
739 262 895 306 aedificio,

563 312 596 343 ln
624 316 794 353 structura,
821 319 891 343 cnm
917 313 1068 352 surrexit,

565 360 650 391 Duas
676 368 737 391 uno
763 360 964 392 circumtexit

659 406 777 440 Gentes
803 407 967 441 beneficio.

262 495 352 519 serm
383 501 450 518 mss.
480 495 578 519 incer-t.
605 494 675 528 orig.
699 500 775 519 saec.
799 489 841 519 13.
860 493 900 518 in.
923 491 994 520 Cod.
1016 493 1158 519 Oxonien
1179 492 1271 519 Laud.
1295 492 1418 519 miscell.
1439 489 1505 518 269.

186 530 252 558 add.
274 539 339 557 saec
373 528 414 556 1‘3.
438 540 480 557 ex.
505 547 539 551 -
559 529 769 565 21,1Magna
791 530 939 557 mandunt.
963 546 998 550 —
1020 528 1066 560 21.
1089 529 1230 565 4Magna
1250 530 1350 565 replet.
1375 546 1406 549 —
1421 526 1468 560 35
1487 527 1506 555 2

185 569 337 596 Iezechiel.
360 583 396 587 ‘—
417 567 464 603 36
488 568 529 596 6
526 573 626 595 soauet
611 577 692 596 orum
716 569 800 596 facio.
822 583 857 587 —-
879 566 1030 595 Abschrift
1050 577 1107 595 von
1129 569 1199 595 Rev.
1224 570 1261 595 H.
1284 569 1323 594 M
1342 569 1507 595 Hannister.

633 709 687 740 1⁴1.
731 709 771 739 De
793 709 890 740 Beata
912 707 1011 740 Maria
1033 709 1066 739 Υ.

509 802 535 831 l.
565 800 616 830 Ad
641 808 817 830 sermonem
836 802 964 830 nostrae
982 798 1095 840 laudis,

567 847 694 878 Miseris
721 856 798 886 quas
825 855 983 886 nunquam
1012 847 1147 881 claudis,

612 897 714 926 Aures
740 898 813 926 tuae
838 895 970 933 pietatis

565 942 657 973 Nunc
684 942 812 983 inclina,

565 990 659 1021 Orbis
685 994 842 1021 terrarum
870 990 989 1029 regina.

223 1077 255 1108 2.
282 1077 373 1108 Dona
401 1076 490 1106 nobis
517 1076 724 1113 intellectum,

284 1125 328 1157 Ut
339 1125 514 1163 loquamur,
531 1123 613 1162 quod
625 1128 671 1154 est
683 1126 814 1159 rectum,

284 1172 332 1203 Ne
357 1172 445 1202 iuxta
474 1180 642 1210 pravorum
668 1178 785 1201 morem

283 1220 463 1250 lucidamus
489 1220 520 1249 in
547 1227 696 1249 errorem.

250 1330 256 1336 .
284 1306 369 1340 Fac,
405 1313 464 1334 vox
492 1308 600 1334 nostra
627 1304 666 1333 sit
695 1311 818 1340 sonora,

287 1354 354 1391 Quo
381 1355 411 1381 te
438 1352 546 1382 laudet
572 1351 656 1381 omni
683 1350 770 1390 hora,

287 1400 329 1430 Et
366 1399 562 1430 concelebret
590 1407 677 1428 mens
703 1398 820 1429 munda

288 1446 486 1478 Laudatione
512 1446 659 1478 iucunda.

251 1557 258 1564 .
285 1533 392 1564 Mater
419 1532 479 1563 Dei
504 1542 522 1563 o
549 1531 694 1571 benigna,

285 1580 480 1620 Angelorum
506 1579 601 1611 laude
628 1580 733 1618 digna,

284 1628 357 1659 Non
384 1628 424 1658 ad
451 1628 578 1666 plenum
605 1632 659 1658 tua
684 1630 773 1665 gesta

284 1676 438 1715 Cuiquam
467 1678 539 1706 sunt
566 1673 746 1713 manifesta⁷

245 1787 253 1795 .
287 1762 354 1793 Tua
382 1760 467 1791 facta
495 1768 553 1792 nec
579 1759 701 1791 referre

285 1810 370 1841 Gens
396 1809 480 1839 valet
508 1808 604 1840 totius
631 1813 746 1847 terrae,

286 1858 369 1888 Dum
405 1857 536 1896 quisque
562 1865 620 1894 pro
647 1864 738 1895 posse
764 1864 820 1887 suo

287 1906 399 1936 Psallit
424 1904 456 1935 in
483 1905 601 1935 honore
625 1908 688 1936 tuo.

285 1991 318 2022 Si
345 1990 414 2030 quis
440 1999 552 2030 preces
579 1998 636 2028 pro
663 1992 795 2030 peccato

282 2038 418 2076 Adfert,
453 2038 509 2069 has
538 2038 706 2077 praesenta
731 2040 818 2077 nato,

282 2086 405 2118 Offerre
431 2095 511 2125 quae
537 2085 595 2116 tibi
623 2084 738 2121 cernis,

282 2135 392 2166 Mente
419 2134 533 2165 devota
561 2143 621 2164 non
648 2133 783 2173 spernis.

251 2246 257 2253 .
289 2221 384 2260 Virgo
410 2226 533 2259 sancta,
560 2225 662 2251 mater
690 2218 759 2258 Dei,

282 2269 334 2300 Ad
363 2277 457 2308 quam
485 2266 672 2308 confugiunt
696 2266 753 2307 rei,

282 2317 334 2349 Ab
353 2317 401 2347 bis
417 2317 538 2355 poenis,
557 2325 636 2356 quas
649 2323 819 2355 meremur,

284 2365 352 2397 Tua
378 2373 472 2406 prece
498 2365 680 2396 liberemur.

911 1075 942 1107 8.

916 1304 946 1337 9.

892 1532 944 1563 10.

895 1761 948 1792 11.

892 1989 945 2021 12.

894 2219 947 2251 13.

970 1074 1130 1113 Splendor
1156 1083 1270 1113 expers
1289 1074 1505 1112 tenebrarum,

969 1123 1035 1161 Quo
1060 1123 1218 1162 processit
1243 1122 1348 1153 lumen
1373 1122 1506 1164 clarum,

970 1169 1085 1207 Maria,
1113 1170 1202 1209 virgo
1229 1169 1332 1204 beata.

971 1216 1023 1248 Sic
1050 1216 1109 1248 fuit
1135 1218 1165 1247 in
1194 1216 1310 1248 mundo
1338 1222 1425 1250 nata..

974 1302 1052 1334 Orta
1078 1310 1192 1341 genere
1218 1301 1317 1342 regali

973 1349 1082 1380 Gratia
1110 1350 1269 1388 spirituali

972 1396 1152 1429 Affluenter
1176 1401 1224 1427 est
1249 1397 1381 1437 imbuta,

975 1444 1111 1476 Servans
1138 1445 1216 1484 legis
1242 1444 1398 1476 instituta.

973 1530 1062 1562 Haeo
1088 1530 1258 1570 diligenter
1283 1531 1402 1562 nutrita

972 1577 1014 1610 Et
1040 1577 1172 1610 honeste
1198 1578 1368 1609 custodita.

973 1626 1087 1665 Ioseph
1113 1630 1222 1657 sancto
1249 1626 1451 1665 desponsata,

975 1674 1151 1706 Per-mansit
1177 1674 1340 1706 inviolata.

977 1759 1119 1794 Gabriel,
1147 1759 1207 1790 Dei
1233 1761 1363 1791 electus.

974 1808 1025 1840 Ad
1035 1817 1127 1847 quam
1139 1812 1185 1837 est
1194 1812 1263 1847 post
1272 1809 1348 1839 haec
1357 1808 1509 1848 directus,

974 1858 1002 1887 A
1029 1865 1089 1895 quo
1115 1855 1248 1896 pulchre
1272 1855 1409 1887 salutata

974 1903 1110 1935 Erubuit
1139 1903 1334 1942 perturbata.

974 1989 1088 2020 Verbis
1117 1991 1299 2021 consolatur
1325 1989 1462 2027 blandis,

974 2035 1179 2068 Doeumentis
1204 2038 1397 2069 venerandis

975 2084 1024 2116 Ab
1050 2085 1163 2125 angelo
1189 2085 1351 2126 edocetur,

973 2132 1063 2170 Quod
1089 2137 1192 2164 mater
1218 2134 1279 2165 Dei
1305 2140 1447 2166 vocetur.

976 2218 1032 2250 Cui
1059 2219 1105 2249 sic
1131 2220 1304 2258 respondet
1330 2220 1404 2251 illa:

973 2266 1069 2306 Ecce,
1095 2267 1223 2299 Domini
1249 2268 1376 2306 ancilla,

974 2314 1049 2347 Fiat
1074 2315 1161 2358 mihi,
1186 2319 1221 2346 ut
1248 2316 1370 2355 dixisti,

974 2363 1039 2395 Sim
1065 2363 1211 2403 genetrix
1239 2364 1310 2396 Iesu
1335 2363 1466 2397 Christi.
