1651 2680
706 109 870 145 —339
922 131 964 135 —

209 209 240 240 5.
266 205 342 239 Meo
367 205 474 237 sensui
499 203 635 237 infunde

191 1524 222 1556 9.

163 1853 216 1886 10.

314 253 420 285 lumen
446 252 520 284 almi
546 253 692 294 spiritus,

267 301 364 334 Cuius
390 301 508 332 lumine
533 309 687 334 accensus

314 349 452 388 propriis
478 359 497 381 a
522 349 658 381 nexibus

264 397 395 429 Merear
419 396 544 429 absolvi
571 398 645 435 cito,

312 443 402 485 fusis,
429 453 559 485 quaeso,
587 445 748 486 precibuS.

262 537 380 576 Meque
409 536 498 578 doce,
524 545 580 567 rex
609 537 769 579 caelestis,

310 592 407 623 agere
432 584 509 624 quid
539 584 671 616 debeam

262 631 387 672 Quidve
413 631 510 672 loqui,
537 633 615 672 quid
644 637 761 675 tacere,

310 678 417 711 facere
443 680 520 720 quid
548 681 682 720 valeam,

261 730 306 763 Ut
329 728 372 760 ad
396 738 475 760 arva
501 729 645 768 paradisi

308 779 340 808 te
365 776 495 808 iubente
522 776 712 809 transferar.

257 868 497 901 Fortitudinem
523 868 564 899 da
590 868 669 900 mihi

306 916 426 956 praebe
453 921 485 948 et
511 917 726 955 prudentiam,

258 966 519 1004 Temperantiam
548 966 687 996 concede

306 1013 414 1045 dando
441 1016 473 1044 et
498 1013 664 1051 iustitiam,

255 1061 338 1094 Mihi
368 1061 451 1092 dona
479 1061 645 1092 caritatem

303 1112 399 1149 atque
425 1108 626 1149 pudicitiam.

255 1195 348 1228 Tolle
374 1195 495 1226 crimen
523 1195 708 1236 voluptatis,

301 1243 379 1274 tolle
406 1246 436 1274 et
463 1242 633 1281 luxuriam,

252 1292 340 1326 Pelle
367 1291 500 1323 crimina
527 1290 668 1322 nefanda

300 1339 478 1373 auferendo
504 1339 611 1379 noxia,

251 1392 281 1422 A
306 1397 357 1419 me
384 1397 467 1419 vana
493 1390 608 1418 cuncta
633 1386 725 1418 aufer

298 1435 470 1469 inserendo
496 1435 628 1475 optima.

246 1523 330 1561 Heu,
351 1532 401 1554 me
419 1523 581 1564 miserum,
602 1523 679 1562 quid
695 1531 787 1562 agam

297 1570 480 1603 tabefactus
506 1571 628 1602 scelere
638 1572 653 1601 ζ’

248 1619 359 1652 Gliseo
386 1619 549 1651 Christum
576 1620 754 1660 possidere,

295 1668 396 1709 glisco
423 1668 545 1699 caelum
573 1668 741 1706 scandere,

249 1716 316 1750 Sed
340 1725 403 1747 non
429 1725 559 1756 possum
585 1720 736 1747 oneratus

297 1764 489 1797 delictorum
515 1773 622 1796 onere.

243 1853 322 1893 Vae,
335 1850 537 1893 vaemihi,ad
546 1859 639 1890 quem
647 1859 784 1890 curram,

295 1899 348 1941 qui
372 1908 495 1931 mecum
522 1896 716 1930 condoleat?

244 1949 300 1981 Me
325 1951 504 1988 gravantur
530 1947 625 1978 valde
654 1947 725 1978 dira

293 2000 498 2037 peccatorum
526 2004 635 2037 onera,

244 2045 366 2086 Quibus
401 2045 478 2076 licet
505 2044 759 2084 circumsaeptus

292 2095 381 2133 iuges
407 2091 508 2126 fundo
534 2092 686 2124 lacrimas

877 206 930 240 11.

875 539 929 572 12.

870 870 922 902 13.

863 1196 917 1227 14.

862 1523 916 1555 15.

861 1850 913 1883 16.

956 208 1138 249 Rogitando
1164 214 1205 250 te,
1232 210 1382 248 salvator,

1005 258 1057 297 qui
1083 257 1215 289 salvasti
1238 258 1410 297 saeculum,

955 304 1035 336 Mihi
1063 309 1218 344 quatenus
1245 306 1402 338 concedas

1003 353 1152 393 spiritum
1179 354 1379 395 paraclitum,

956 401 1024 440 Quo
1051 401 1193 439 repletus
1218 407 1248 433 te
1274 402 1408 434 laudare

1003 458 1114 488 queam
1140 450 1367 490 perspicacius.

956 538 1126 579 Spiritales
1153 549 1263 571 sensus
1290 549 1407 579 quaero

1004 592 1187 627 castumque
1214 589 1447 629 corpusculum,

954 635 1070 674 hquue
1098 644 1152 666 vas
1179 636 1343 667 electionis

1003 682 1100 714 facito
1127 684 1342 723 purissimum,

953 732 1021 769 Quo
1047 731 1186 771 digneris
1213 741 1340 770 semper
1365 741 1435 763 esse

1002 779 1131 811 veniens
1157 780 1314 811 assiduus

952 870 1064 901 Portas
1091 870 1156 909 poli
1180 869 1322 909 paradisi

999 917 1096 950 facito
1124 927 1172 948 me
1199 918 1335 957 ingredi,

951 965 1015 997 Ubi
1042 966 1195 1005 gaudeam
1223 966 1396 997 translatus

998 1015 1116 1053 iugiter
1142 1023 1210 1044 cum
1236 1014 1369 1054 angelis,

948 1062 1008 1101 Qui
1034 1066 1065 1092 te
1093 1062 1223 1092 laudant
1251 1063 1450 1093 incessanter

996 1109 1144 1141 laudibus
1172 1109 1373 1148 hymnidicis.

946 1194 1067 1226 Sonant
1091 1195 1135 1225 ibi
1162 1195 1319 1226 melodiae

993 1243 1104 1274 laudes
1131 1243 1320 1278 ineffabiles,

943 1292 1029 1330 Quae
1056 1296 1226 1322 cantantur
1251 1301 1269 1322 a
1296 1291 1429 1330 pollenti

991 1339 1187 1380 Angelorum
1214 1339 1350 1380 agmine,

946 1387 1014 1426 Quo
1023 1397 1071 1418 me
1079 1386 1235 1423 Christus,
1248 1396 1336 1417 suum
1345 1387 1478 1428 plasma,

991 1434 1089 1466 faciat
1115 1436 1307 1475 pertingere.

945 1523 1005 1561 Qui
1025 1531 1095 1553 cum
1115 1526 1207 1561 patre
1228 1526 1338 1560 regnat
1354 1530 1481 1561 semper

992 1574 1023 1602 et
1050 1579 1119 1601 cum
1147 1574 1257 1601 sancto
1284 1570 1399 1608 spiritu

942 1620 1167 1658 Venturusque
1194 1622 1241 1649 est
1270 1618 1308 1648 de
1335 1619 1424 1650 eaelo

990 1667 1134 1698 iudicare
1161 1668 1332 1705 saeculum,
1416 1669 1419 1672 ⁴

944 1715 1011 1754 Ipsi
1037 1715 1138 1746 honor
1164 1719 1195 1746 et
1220 1719 1373 1756 potestas,

991 1764 1088 1794 decus
1113 1767 1145 1794 et
1170 1763 1349 1803 imperium.

941 1849 1047 1889 Salva,
1076 1849 1175 1886 salva,
1204 1859 1259 1881 rex
1287 1849 1444 1888 caelestis,

990 1898 1079 1930 illum
1107 1899 1209 1928 virum
1237 1897 1358 1935 sedule,

942 1946 1002 1985 Qui
1028 1947 1205 1985 composuit
1234 1946 1292 1977 hoc
1319 1955 1457 1987 carmen,

990 2003 1118 2026 carmen
1145 1993 1325 2034 amicabile,

940 2043 1046 2083 Atque
1073 2042 1133 2073 sibi
1161 2043 1245 2074 dona
1271 2042 1361 2080 illud,

988 2092 1073 2131 quod
1100 2095 1192 2122 sonat
1216 2091 1248 2123 in
1275 2090 1425 2125 carmine,

509 2180 563 2212 17.
591 2179 677 2219 Fiat,
704 2177 770 2219 fiat,
798 2176 855 2209 fiat
880 2176 954 2216 sibi,

638 2227 722 2259 sicut
747 2234 875 2258 carmen
902 2226 1054 2265 postulat,

590 2277 698 2316 Atque
723 2274 786 2306 sibi
811 2283 869 2306 rex
896 2273 1057 2305 caelorum

638 2323 759 2356 tribuat
786 2323 866 2355 haec
890 2323 1006 2359 omnia,

591 2373 626 2405 In
654 2380 794 2413 superna
818 2370 1005 2412 paradisum

637 2420 806 2461 possidere
831 2418 941 2453 faciat.
