1651 2680
157 165 192 197 9.
219 162 316 203 Ergo,
343 162 488 194 caelestis
513 159 631 199 unctio,

265 210 332 242 Nos
356 217 474 249 ungere
501 208 643 248 dignare,

219 258 269 291 Da
294 266 385 289 sacro
411 255 593 295 septenario

264 306 403 336 Devotos
428 303 602 342 abundare,

218 354 366 386 Jacentes
393 353 424 383 in
451 351 562 382 exsilio

217 400 391 440 Frequenti
417 397 570 430 beneficio

266 448 316 479 Sis
342 456 462 478 memor
487 446 628 478 visitare.

680 63 914 99 —23—

844 161 900 194 10.
927 161 953 194 Ο
979 159 1114 199 benigne
1135 156 1291 198 paraclite

972 209 1131 248 Lugentes
1158 204 1336 246 consolare,

925 255 972 288 Te
995 263 1173 287 mereamur
1198 252 1326 291 hospite

975 303 1052 335 Post
1074 301 1183 334 fletum
1207 299 1384 340 exsultare,

926 352 988 383 Per
1011 355 1043 383 te
1070 351 1110 383 de
1137 357 1242 386 carne,
1270 346 1397 379 saeculo

926 400 1032 437 Atque
1057 398 1169 430 salutis
1194 395 1320 429 aemulo

973 445 1134 478 Pessimus
1159 444 1369 483 triumphare.

223 533 342 560 collect.
364 542 415 559 ms.
438 532 572 558 Italicum
595 537 672 557 saec.
697 528 738 556 14.
762 528 831 556 Cod.
853 530 989 558 Rossian.
1010 530 1062 562 IX,
1082 530 1128 558 43.
1144 545 1179 549 —
1195 527 1241 562 5,3
1256 529 1310 556 tibi
1325 527 1406 554 fehlt.
1421 540 1460 544 —

144 572 172 603 13„
193 570 211 600 3
232 572 405 598 illustrator.
426 585 460 588 -—
483 569 509 600 9,
531 568 548 595 2
569 569 628 596 Nos
651 576 726 603 unge
747 568 878 603 dignare,
900 583 936 587 —
960 567 1004 601 10,
1024 568 1041 596 6
1062 570 1179 605 Absque
1199 567 1312 595 salutis.

597 701 635 731 19.
677 698 719 730 De
741 697 862 739 Spiritu
883 699 1004 730 Sancto.

161 793 192 824 1.
221 789 316 826 Alme
342 791 401 822 Dei
428 791 535 830 digne,
870 791 901 820 5.
929 785 1053 822 Estatis
1079 789 1262 827 temperies,

161 1202 179 1233 10

265 839 401 879 Spiritus
427 838 555 875 amoris,

218 886 328 919 Dulcis
355 896 372 917 0
398 886 562 926 paraclite,

267 935 349 965 vera
375 943 447 974 spes
474 933 637 972 maeroris,

221 981 408 1013 Consolator
433 982 561 1021 optime.

268 1029 406 1060 Imbrem
433 1029 478 1060 tui
504 1029 586 1060 roris

218 1076 341 1116 Funde,
368 1077 446 1108 dans
472 1076 605 1108 laudare
627 1079 658 1106 te

266 1124 419 1156 Omnibus
444 1124 474 1155 in
502 1125 601 1157 horis.

187 1227 195 1235 .
223 1198 296 1234 Pax
323 1200 559 1240 insuperabilia

269 1248 393 1280 Caritas
421 1248 537 1287 divina,

218 1296 312 1328 Mens
336 1295 547 1335 invariabilis,

267 1344 361 1374 Hora
385 1343 549 1373 matutina

218 1391 342 1423 Donum
369 1390 546 1430 sapientiae

270 1438 399 1470 Miser-is
425 1438 561 1477 propina

221 1486 265 1518 Et
290 1494 382 1517 aures
410 1485 596 1517 clementiae

271 1533 373 1573 Super
399 1542 454 1564 nos
480 1533 608 1567 inclina,

190 1635 197 1643 .
228 1607 276 1643 Tu
304 1611 440 1641 clemens
466 1609 599 1641 illabere

271 1657 371 1689 Nobis
397 1658 474 1689 horu
498 1657 609 1696 prima

224 1705 269 1739 Ut
294 1705 450 1745 possimus
477 1713 591 1744 capere

270 1753 456 1785 Intellectus
483 1753 557 1790 ima,

224 1801 325 1833 Recta
353 1801 430 1832 doce
456 1808 579 1840 sapere,

273 1847 373 1880 Vetus
398 1858 499 1888 purga
525 1848 607 1879 zima

222 1897 263 1929 Et
290 1897 414 1936 peccati
440 1898 574 1927 scoriam

271 1944 419 1976 Dulciter
444 1944 548 1976 elima.

193 2048 199 2055 .
227 2017 324 2055 Hora
350 2021 508 2060 quondam
532 2019 625 2052 tertia

273 2069 332 2108 Qui
359 2068 587 2107 discipulorum

226 2116 435 2150 Inflammasti
460 2120 602 2155 pectora,

272 2164 361 2196 Doce
387 2165 454 2196 vias
480 2173 614 2206 morum,

227 2213 331 2245 Recta
359 2211 398 2243 da
426 2212 569 2253 consilia,

276 2260 382 2301 Opera
407 2260 571 2299 iustorum,

227 2310 346 2344 Sancta
374 2307 535 2340 desideria

273 2357 378 2395 Dona,
406 2356 459 2388 lux
486 2355 643 2397 polorum.

974 836 1086 867 Flatus
1111 845 1209 867 aurae
1235 836 1327 877 lenis,

928 883 1089 915 Virtutum
1116 883 1288 924 congeries,

975 930 1025 962 Sis
1051 930 1083 961 iu
1110 930 1197 962 horis
1222 931 1309 962 senis

929 979 1022 1010 Dono
1048 976 1246 1009 fortitudinis

978 1026 1147 1058 Roborans
1171 1025 1205 1056 in
1230 1025 1353 1064 poenis,

930 1074 1017 1105 Tuae
1043 1083 1095 1105 ros
1122 1072 1301 1105 dulcedinis

976 1121 1106 1153 Nostris
1131 1124 1217 1152 natet
1245 1121 1346 1153 venis.

895 1220 902 1227 .
930 1196 1032 1232 Rivus
1058 1198 1159 1229 omnis
1186 1197 1318 1236 gratiae,

978 1245 1079 1276 Nobis
1105 1245 1185 1277 hora
1211 1254 1300 1276 nona

930 1293 1068 1324 xenium
1094 1293 1247 1324 scientiae

979 1340 1126 1372 Dulciter
1152 1341 1308 1379 condona,

931 1389 1053 1421 Christi
1079 1397 1167 1420 mens
1194 1393 1227 1419 et
1251 1387 1360 1428 passio

980 1437 1027 1467 Sit
1053 1437 1085 1468 in
1112 1440 1216 1467 mente
1241 1445 1351 1477 prona,

931 1484 976 1516 Ut
1001 1483 1144 1516 fruamur
1168 1484 1282 1516 inclita

979 1532 1154 1572 Regnantis
1182 1541 1308 1564 corona.

899 1633 906 1640 .
934 1606 1011 1642 Tuis
1038 1609 1121 1639 caris
1147 1608 1263 1648 iugiter

981 1656 1073 1687 Hora
1102 1666 1305 1696 vesperorum

935 1703 1075 1737 Subveni
1100 1705 1260 1744 celeriter,

982 1752 1079 1784 Pater
1104 1752 1332 1793 orphanorum,

936 1802 1090 1832 Pietatem
1117 1801 1222 1833 colere

983 1848 1043 1889 Da,
1069 1857 1192 1880 merces
1218 1849 1377 1889 laborum,

936 1896 978 1929 Ut
1005 1898 1045 1928 ad
1073 1897 1139 1928 alta
1163 1897 1320 1928 scandere

981 1944 1142 1976 possimus
1168 1946 1340 1980 caelorum.

906 2046 911 2052 .
938 2017 1048 2053 Noctis
1073 2021 1107 2052 in
1131 2023 1320 2062 crepusculo

984 2069 1079 2100 Hora
1105 2070 1168 2101 iam
1195 2070 1363 2110 completa,

938 2116 1070 2148 Sacrum
1095 2127 1220 2156 neuma,
1246 2121 1395 2160 tempora

987 2165 1050 2197 Per
1075 2168 1107 2196 te
1132 2167 1196 2197 sint
1222 2166 1340 2207 quieta,

938 2212 1006 2244 Fac
1028 2222 1086 2244 nos
1111 2213 1157 2245 ita
1183 2219 1294 2254 petere

987 2260 1112 2292 Lectuli
1138 2266 1272 2303 secreta,

938 2308 1050 2340 Timor
1072 2312 1146 2341 tuus
1171 2319 1268 2349 super
1293 2319 1351 2343 nos

988 2355 1036 2387 Sit
1061 2359 1097 2388 ut
1120 2357 1189 2389 sine
1215 2361 1309 2392 meta.
