1651 2680
724 75 957 111 -80-

823 191 867 225 11.

195 277 225 310 1.
248 278 346 318 Apex
373 284 390 312 e
416 276 621 316 subsequitur
910 281 941 314 6.
969 279 1059 312 Finis
1085 288 1102 312 e
1127 280 1324 312 characteris

300 334 425 356 sursum
451 324 608 366 oculatus,
1016 336 1132 368 corpus
1157 331 1396 369 tormentatum,

253 374 431 412 Parumper
456 373 487 404 in
512 373 617 404 medio
970 375 1078 408 Clavis
1104 378 1228 415 quater,
1254 376 1357 407 milies

302 429 418 460 parens
444 424 600 461 actuatus,
1015 423 1117 462 spinis
1142 423 1349 462 terebratum,

253 469 345 501 Finis
371 468 601 508 aliquantulum
967 470 1126 503 Inclinato
1152 471 1258 510 capite

297 516 367 556 plus
395 521 442 548 est
468 520 615 548 recurvat
626 524 673 555 uS,
1014 518 1156 550 clamans
1185 516 1502 559 „Consummatum“‚

250 565 432 596 Mucronali
456 565 542 596 linea
967 565 1078 597 Finem
1105 567 1147 598 ad
1172 566 1367 606 principium

298 612 385 644 fixim
412 611 636 644 transforatus.
1013 613 1129 654 probat
1153 620 1365 646 recurvatum.

190 718 222 750 2.
249 717 323 749 Iesu
348 727 476 748 sursum
502 717 611 748 oculus
913 717 943 750 7.
972 716 1074 749 Linea
1099 727 1158 757 per
1184 718 1324 750 medium

302 765 378 805 vigil
405 765 573 804 insopitus,
1016 766 1130 796 transit
1157 765 1394 807 transversalis,

251 813 369 853 Lyneis
394 817 507 845 cuncta
534 815 677 852 permeat
966 813 1066 844 Latus
1093 813 1165 844 Iesu
1191 812 1336 852 perforat

299 861 385 892 visus
411 861 590 901 investitus,
868 889 873 894 ,
1015 865 1151 898 punctus
1178 861 1380 897 mucronalis‚

250 908 302 940 Sic
329 909 428 948 caelo,
455 909 501 939 sic
528 911 661 949 tartaro,
969 908 1038 947 Quo
1064 907 1243 940 transfosso
1270 906 1401 948 profluit

299 957 345 987 sic
370 957 488 988 mundo
514 956 584 995 quis
611 956 689 986 situs
1017 955 1136 994 duplex
1164 954 1236 987 fons
1263 956 1383 996 vitalis,

250 1004 365 1035 Nudus
391 1004 449 1035 sub
477 1004 517 1035 tis
544 1004 644 1035 oculis
967 1003 1079 1045 Cruor,
1108 1004 1219 1035 muudi
1246 1005 1394 1045 pretium,

299 1052 383 1083 nude
409 1057 497 1091 patet
524 1052 634 1085 scitus,
1011 1060 1095 1090 aqua
1115 1051 1328 1092 baptismalis.

190 1157 221 1188 3.
248 1156 409 1196 Quidquid
437 1156 645 1188 abditissimis
903 1156 935 1189 8.
963 1157 994 1187 Is
1021 1160 1166 1187 caracter
1191 1158 1334 1188 cernitur

296 1212 384 1235 mens
409 1205 507 1235 volvit
534 1204 684 1241 latenter,
1008 1209 1141 1242 aspectu
1169 1204 1333 1245 rotundus,

249 1252 286 1283 Id
314 1253 384 1282 luce
410 1251 547 1283 lucidius
963 1255 1120 1292 Apexque
1145 1252 1300 1283 vocalium

299 1301 387 1331 videt
412 1300 465 1330 lux
492 1303 660 1340 patenter;
1011 1303 1059 1329 est
1085 1300 1149 1331 situ
1175 1300 1353 1340 secundus;

248 1348 333 1379 Hinc
357 1356 493 1386 peccans
521 1348 650 1378 resileat
964 1348 1028 1380 Per
1055 1347 1159 1378 Iesum
1186 1348 1346 1387 tripudiat

298 1404 417 1435 pavens
444 1396 665 1436 vehementer,
1013 1395 1117 1426 tristis
1143 1395 1234 1436 prius
1259 1395 1405 1437 mundus,

252 1443 347 1475 Cuius
373 1443 477 1474 scelus
504 1443 661 1482 prospicit
966 1443 1050 1475 Dum
1077 1448 1150 1482 post
1175 1443 1307 1475 threnos
1333 1443 1470 1483 tragicos

299 1492 394 1523 iudex
421 1491 608 1523 luculenter.
1013 1495 1121 1522 cantat
1146 1491 1388 1524 Laetatundus.

192 1597 225 1628 4.
253 1596 508 1635 Comprehensor
535 1597 658 1635 pariter
908 1597 940 1629 9.
972 1595 1077 1629 Adam
1103 1596 1294 1628 secundario

297 1645 387 1676 Iesus
413 1648 445 1675 et
472 1645 584 1686 viator,
1013 1648 1184 1683 reparatur
1209 1644 1342 1685 primus,

250 1692 388 1724 Deitatis
415 1692 538 1723 exstitit
964 1692 1047 1724 Dum
1075 1692 1163 1723 Iesus
1189 1692 1222 1723 in
1250 1693 1372 1732 virgine

299 1739 409 1772 fruens
435 1739 678 1778 contemplator,
1011 1749 1179 1778 supremus
1205 1739 1242 1771 fit
1266 1741 1360 1778 imus,

251 1789 315 1821 Sed
341 1788 466 1828 mirum,
494 1788 578 1827 quod
603 1787 757 1828 limpidus
963 1787 1091 1820 Primus
1118 1788 1153 1819 fit
1178 1787 1218 1819 ob
1246 1787 1370 1820 facinus

295 1836 357 1869 Dei
382 1836 566 1876 speculator
1013 1834 1128 1876 fumus,
1156 1836 1272 1876 pulvis,
1300 1836 1402 1875 fimus,

247 1884 301 1916 Ad
327 1893 446 1924 poenas
474 1882 655 1916 deflectitur
962 1884 1059 1923 Quem
1087 1893 1106 1915 a
1132 1883 1236 1915 tribus
1263 1884 1380 1916 liberat

297 1932 408 1963 mortis
434 1933 599 1965 tolerator.
1010 1931 1079 1962 Deo
1105 1932 1231 1964 iunctus
1257 1932 1360 1964 limus.

188 2038 218 2069 5.
247 2037 336 2068 Inter
361 2040 465 2068 ortum
491 2036 596 2068 media
883 2037 937 2069 10.
966 2038 1033 2068 Imo
1059 2037 1193 2076 primus,
1220 2038 1342 2069 numini

294 2088 482 2124 noctemque
509 2085 617 2115 totalis
1010 2084 1125 2116 humus
1151 2086 1177 2116 si
1204 2084 1365 2127 iungatur,

246 2132 321 2164 Vita
347 2132 420 2163 Iesu
447 2131 600 2174 lugubris,
964 2133 1017 2165 Sic
1043 2132 1083 2164 ab
1109 2133 1215 2165 Adam
1242 2133 1352 2167 infimo

294 2182 447 2220 contorta,
477 2180 632 2221 poenalis,
1011 2179 1104 2211 fimus
1130 2181 1289 2217 elimatur.

245 2228 389 2260 Mentem
415 2229 488 2260 Iesu
513 2228 652 2259 curvitas
964 2227 1017 2261 Ad
1044 2233 1152 2270 caput,
1178 2237 1239 2268 quo
1266 2228 1416 2269 fluxerat,

292 2275 381 2307 flexit
405 2276 549 2312 artualis,
1008 2276 1164 2308 terminus
1191 2282 1354 2318 curvatur,

247 2323 311 2356 Sed
339 2324 443 2355 carnis
470 2322 601 2355 reflexio
958 2323 1044 2356 Dum
1073 2332 1133 2365 per
1157 2324 1263 2358 Adam
1293 2324 1416 2358 facinus

290 2372 363 2412 plus
385 2376 478 2412 auget
505 2371 620 2403 letalis.
1004 2371 1098 2405 Adae
1123 2370 1324 2414 profligatur.
