1651 2680
263 204 322 237 13.
347 203 480 237 Nostra,
508 202 593 233 Deus
619 201 713 238 alme,
741 204 824 241 vota,
1031 199 1077 232 Et
1099 208 1141 230 ne
1165 208 1225 231 nos
1251 198 1481 234 desideremus,

346 251 432 288 Quae
457 255 491 279 tu
516 249 615 279 habes
642 256 717 278 vere
743 252 829 289 nota,
1033 246 1125 286 Quod
1151 246 1254 278 vitare
1276 255 1334 278 uos
1359 244 1524 278 debemus,

345 297 542 328 Tribuantur
566 295 624 325 tibi
651 298 718 326 tota
1033 296 1082 325 Ac
1108 293 1248 332 vigiliter
1273 301 1398 324 oremus

392 344 435 375 Et
461 344 524 373 tuis
550 341 719 373 indicibus.
1081 341 1161 373 Cum
1189 340 1312 372 devotis
1339 336 1507 370 mentibus.

343 391 435 422 Sicut
463 392 490 421 ct
515 398 574 421 nos
601 389 679 419 viles
705 397 824 427 sumus,

347 438 496 469 Nostrum
525 445 639 476 corpus
663 436 735 466 vilis
755 436 878 474 humus,
952 435 1006 467 16.
1033 434 1181 466 Inducas
1207 437 1304 473 atque
1328 431 1485 471 compelle

347 486 417 516 Vita
444 489 554 515 nostra
580 484 665 514 velut
694 483 798 513 fumus
1034 481 1102 513 Nos
1133 481 1166 512 in
1192 485 1279 512 tuum
1306 485 1451 512 sanctum
1476 477 1576 519 velle,

392 532 521 564 Transit
549 531 634 562 horis
661 530 823 561 brevibus.
1036 529 1126 560 Mala
1151 532 1260 560 nostra
1286 532 1400 559 cuncta
1426 525 1523 568 pelle,

1082 575 1132 606 Da
1159 575 1238 606 bona
1266 574 1484 613 credentibus,

262 630 316 661 14.
344 627 550 659 Dimittimus
577 626 607 657 in
636 627 694 656 hoc
722 625 839 655 mundo
1033 622 1077 653 In
1102 622 1345 662 temptationem
1372 630 1459 653 ream

346 675 484 706 Cunctas
511 683 587 713 opes
614 672 820 711 transeundo,
1034 670 1105 701 Non
1132 670 1267 701 inducas
1293 674 1431 700 mentem
1457 677 1575 709 meam,

344 723 396 755 Ad
423 726 454 752 te
481 722 582 752 clamo
609 721 647 751 de
674 720 844 760 profundo,
1038 717 1192 749 Liberare
1218 717 1296 748 velis
1323 725 1392 748 eam

394 770 489 800 Deus.
515 769 636 807 magnis
662 768 805 800 vocibus.
1083 767 1111 796 A
1137 764 1413 804 temptationibus.

343 817 552 849 Debitoribus
579 820 709 855 peccata

343 865 390 896 Tu
418 864 562 899 dimittis,
592 864 645 903 qui
672 864 764 894 beata
953 863 1006 894 17.
1036 861 1100 892 Sed
1124 861 1226 892 libera
1254 865 1339 892 tuam
1366 864 1502 900 gentem,

344 912 451 943 Sei-vis
478 912 540 941 tuis
568 911 625 942 das
652 912 802 942 mandata
1035 910 1072 941 In
1099 913 1153 940 tuo
1180 913 1305 940 nomine
1331 909 1528 948 credentem,

391 959 544 991 Omnibus
571 959 778 998 temporibus.
1036 957 1079 988 Et
1105 966 1123 988 a
1150 962 1237 988 terra
1264 955 1474 997 refugientem

1084 1005 1121 1036 In
1148 1005 1405 1036 necessitatibus.

263 1056 318 1088 15.
344 1054 474 1086 Nostris
501 1053 649 1092 precibus
676 1054 818 1092 intende,
1036 1053 1102 1084 Nos
1128 1062 1149 1083 α
1175 1053 1262 1084 malo
1290 1053 1454 1091 liberatos,

347 1102 462 1133 Sancte
490 1107 592 1140 puter,
620 1111 676 1132 nos
705 1101 854 1141 defende,
1035 1101 1151 1132 Sancte
1177 1106 1280 1140 pater,
1309 1101 1360 1132 fac
1386 1100 1510 1141 beatos,

346 1149 411 1180 Nos
431 1153 593 1180 consortes
609 1148 660 1180 fac
674 1149 879 1189 praebendae
1036 1150 1072 1181 In
1098 1149 1290 1180 caelestibus
1315 1149 1437 1180 locatos

392 1197 541 1229 Polomm
569 1197 752 1230 heredibus,
1085 1198 1162 1230 Cum
1188 1198 1308 1228 sanctis
1334 1197 1515 1237 spiritibus.

607 1293 660 1326 18.
688 1292 794 1324 Amen
822 1293 933 1325 ultimo
960 1297 1124 1324 cantamus

692 1341 735 1373 Et
753 1342 784 1372 in
805 1342 939 1381 signum,
963 1341 1047 1381 quod
1066 1346 1222 1381 optamus,

693 1390 854 1429 Quidquid
881 1393 967 1421 recte
993 1390 1214 1429 postulamus'

741 1438 818 1469 Cum
845 1437 1054 1469 orationibus

325 1522 394 1550 Cod.
417 1524 558 1550 Oxonien.
583 1524 693 1550 Canon.
716 1523 799 1550 Mis-c.
829 1521 875 1550 21.
904 1531 979 1550 saec.
1004 1522 1046 1550 15.
1071 1539 1104 1542 ——
1126 1520 1162 1555 2,
1192 1521 1210 1550 2
1231 1525 1416 1550 contrictum.
1437 1539 1475 1543 —
1497 1521 1527 1557 2,
1555 1523 1578 1552 5

247 1570 301 1587 nos
328 1561 407 1588 fehlt.
434 1576 471 1580 —
497 1560 526 1591 2,
558 1560 575 1587 6
603 1562 731 1588 aulibus.
758 1578 795 1581 —
821 1560 854 1594 3,
886 1559 904 1588 2
932 1564 961 1588 et
987 1561 1067 1588 fehlt.
1095 1577 1130 1581 —
1157 1560 1189 1592 3.
1217 1560 1234 1588 6
1260 1571 1319 1589 non
1349 1567 1401 1589 est.
1428 1577 1467 1581 —
1493 1561 1526 1595 4,
1554 1560 1572 1590 2

248 1600 371 1627 Debeat.
394 1615 430 1618 —
453 1599 485 1628 4.
512 1600 530 1627 4
553 1601 610 1627 Fae
639 1609 702 1626 esse
727 1610 792 1627 cum
815 1600 1002 1636 presbyteris.
1024 1616 1062 1620 -—
1081 1599 1114 1631 4,
1145 1601 1161 1627 (5
1183 1601 1338 1628 Lenitatis.
1360 1615 1399 1620 —
1421 1600 1452 1633 5,
1480 1600 1497 1628 7
1518 1601 1578 1629 Est

246 1638 329 1665 fehlt.
358 1653 391 1656 —
422 1638 453 1671 ὅ,
482 1638 499 1665 :12
521 1639 561 1666 Ut
588 1639 740 1665 videamus
762 1648 847 1666 omne
869 1639 972 1665 celum.
995 1654 1033 1658 —-
1053 1637 1080 1667 6.
1101 1639 1118 1666 5
1140 1640 1287 1666 Voluntas
1308 1643 1414 1666 vestra.
1438 1655 1475 1658 —
1496 1639 1528 1673 7,
1555 1638 1572 1667 2

248 1678 289 1704 Ut
310 1677 426 1704 ducant.
450 1692 485 1695 —
508 1676 534 1710 7,
561 1675 578 1704 3
600 1679 639 1704 [ft
662 1679 814 1704 vincamus
837 1679 867 1704 in
889 1679 1108 1713 sempiternum.
1129 1693 1167 1696 —
1188 1676 1218 1710 7,
1241 1676 1257 1704 ’7
1279 1687 1365 1714 quam
1389 1678 1514 1706 donasti.
1535 1692 1573 1697 —-

247 1714 280 1746 ὅ,
311 1714 328 1742 2
355 1717 488 1742 scentire.
516 1730 547 1733 —
572 1714 603 1747 S,
633 1715 650 1740 2'·
672 1720 700 1742 et
722 1716 757 1742 de
779 1716 891 1743 audire.
924 1731 952 1734 —
980 1714 1011 1749 8y
1034 1715 1050 1742 ’ἶ
1070 1716 1216 1744 docemur.
1238 1732 1275 1736 —
1301 1715 1327 1749 9,
1350 1715 1367 1743 6
1388 1718 1435 1744 Ibi
1457 1719 1514 1753 pie.
1535 1731 1572 1736 —

250 1752 295 1785 10,
316 1752 334 1780 8
348 1754 432 1781 Lies:
455 1754 528 1781 Cum
544 1755 676 1781 sanctis?
693 1769 725 1773 -—
752 1753 794 1787 16,
817 1754 834 1782 6
856 1758 982 1782 mentem
1003 1758 1144 1782 nostram.
1159 1770 1196 1774 —
1219 1754 1262 1788 17,
1284 1753 1302 1782 3
1317 1756 1518 1792 refulgentem.
1535 1770 1575 1774 —

250 1790 295 1823 17,
316 1790 333 1818 >3
355 1793 427 1819 Cum
449 1794 507 1818 tuis
530 1794 639 1819 sanctis
662 1793 785 1828 angelis.
806 1808 843 1811 —
863 1793 1014 1820 Abschrift
1034 1802 1094 1820 von
1116 1795 1186 1821 Rev.
1209 1795 1247 1821 H.
1268 1795 1307 1821 M.
1330 1795 1495 1822 Bannister.

385 1914 431 1943 26.
475 1914 621 1953 Rhythnii
645 1914 714 1945 sive
737 1914 841 1946 oratio
862 1923 960 1955 supra
978 1915 1133 1947 Psalmum
1158 1917 1217 1954 „De
1239 1917 1437 1957 profundis“.

450 2003 493 2028 De
516 2003 676 2037 profundis.
1035 2006 1121 2037 lllud
1147 2006 1226 2038 satis
1251 2008 1432 2050 ostendisti,

290 2060 322 2091 1.
349 2059 451 2090 Huius
479 2061 587 2091 mundi
615 2061 654 2091 de
681 2060 850 2100 profundis
1039 2053 1115 2085 Cum
1143 2053 1281 2085 Mariam
1307 2057 1491 2099 suscepisti,

347 2106 388 2137 Et
415 2108 547 2138 secundi
575 2108 614 2138 de
641 2108 790 2139 secundis
1037 2101 1256 2132 peccatricem
1283 2101 1524 2146 Magdalenam,

344 2154 431 2185 Erue
458 2163 518 2193 me,
546 2156 617 2186 Iesu
643 2156 705 2194 pie,
1035 2149 1138 2181 Sorde
1156 2147 1297 2188 foedam,
1316 2152 1412 2183 sorde
1430 2153 1576 2192 plenam.

346 2201 458 2240 Daque
486 2202 568 2233 viam
596 2203 731 2234 dextrae
757 2203 838 2241 viae,

345 2249 403 2286 Qui
413 2254 581 2287 peccantes
588 2259 746 2289 nunquam
754 2250 891 2292 spernis,

346 2296 410 2328 Sed
437 2296 572 2336 benigno
599 2297 687 2328 vultu
714 2298 830 2338 cernis,

344 2343 426 2374 Dum
454 2353 604 2384 peccasse
631 2354 664 2376 se
687 2348 880 2385 cognoscunt
978 2348 1010 2380 2.
1035 2345 1142 2380 Aures
1166 2346 1259 2380 flecte
1285 2350 1428 2392 pietatis,

346 2391 541 2431 veniamque
567 2392 674 2424 cordis
702 2396 843 2432 poscunt.
1035 2395 1095 2436 Qui
1119 2397 1322 2435 peccantium
1349 2403 1496 2439 peccatis

1152 2271 1241 2298 Fiant
1261 2280 1356 2301 aures.
