1651 2680
648 63 879 100 -57-

97 164 155 198 28.
179 165 262 208 Ave,
288 165 372 207 Iesu,
398 175 456 199 rex
482 168 654 212 caelorum,

95 496 154 532 29.

95 731 152 766 30.

91 1063 146 1096 31.

90 1298 147 1331 32.

91 1535 147 1567 33.

90 1771 146 1805 34.

86 2004 142 2037 35.

83 2237 142 2271 36.

180 214 263 255 Ave,
289 214 382 254 panis
405 216 601 258 angelorum,

182 262 266 301 Ave,
294 265 420 294 creator
447 263 598 305 omnium,

183 309 287 349 Regni
313 310 462 342 caelestis
487 312 613 352 ostium,

183 357 265 398 Ave,
290 358 401 390 mundi
427 358 631 402 gubernator,

181 405 262 446 Ave,
287 408 401 446 potens
428 406 619 440 dominator.

183 497 264 536 Ave,
291 505 384 536 quem
410 501 552 529 tremunt
577 499 694 539 angeli,

182 545 282 583 Quem
307 544 445 577 adorant
471 545 667 588 archangeli,

177 593 258 632 Ave,
287 593 336 624 cui
362 593 470 625 throni
495 595 649 636 serviunt,

180 640 239 672 Cui
266 641 400 672 virtutes
426 641 614 674 oboediunt.

179 733 216 764 In
238 735 270 763 te
297 731 468 764 Cherubim
493 733 643 764 hauriunt

178 780 223 812 Et
248 779 434 821 Seraphim,
471 781 556 820 quod
585 780 728 821 cupiunt,

178 828 227 860 Tu
256 832 355 859 totum
383 828 448 859 illis
475 828 636 869 gaudium,

183 875 295 916 Neque
321 876 409 915 paris
436 875 613 917 fastidium,

180 923 262 956 Nam
288 925 370 963 iugis
397 925 443 955 tui
470 925 563 964 copia

179 972 338 1004 Accendit
365 972 540 1004 desideria.

177 1063 258 1106 Ave,
286 1063 338 1103 qui
369 1066 492 1096 cunctis
518 1064 668 1104 imperas,

173 1110 233 1151 Qui
260 1112 430 1143 daemones
458 1121 642 1152 exsuperaS‚

175 1161 254 1200 Ave,
281 1163 405 1198 patrem
433 1159 603 1200 glorifieaS,

172 1208 252 1248 Ave,
280 1212 413 1239 matrem
441 1208 634 1241 sanctificas

173 1300 252 1341 Ave,
279 1303 374 1339 pater
398 1300 586 1341 gratiarum,

176 1348 255 1387 Ave,
283 1352 389 1380 custos
415 1349 604 1386 animarum,

176 1396 257 1434 Ave,
283 1400 393 1435 pastor
417 1397 464 1435 pii
490 1397 605 1438 gregis,

174 1444 253 1485 Ave,
280 1443 365 1476 lavor
390 1453 491 1476 novae
516 1444 607 1484 legis.

174 1536 255 1577 Ave,
281 1543 418 1575 regnans
434 1545 503 1576 per
527 1535 665 1578 saecula,

173 1584 254 1622 Ave,
281 1584 418 1615 mundus
447 1593 465 1615 a
491 1584 626 1622 macula,

175 1634 256 1670 Ave,
284 1640 360 1664 vera
385 1633 554 1671 medicina.

175 1679 223 1711 Tu
248 1680 404 1712 malorum
431 1689 464 1712 es
492 1680 594 1713 ruina.

174 1771 256 1812 Ave,
283 1771 368 1804 vitae
394 1780 490 1804 verus
515 1771 609 1809 liber,

173 1820 238 1852 Per
250 1828 342 1860 quem
357 1821 494 1852 mundus
508 1818 613 1851 factus
627 1818 722 1861 liber,

173 1867 323 1909 Quisquis
349 1869 381 1900 in
407 1872 438 1899 te
461 1868 557 1909 digne
582 1867 671 1908 legit,

174 1916 234 1948 Ille
260 1925 330 1948 sese
355 1917 437 1949 bene
464 1917 558 1958 regit.

168 2004 250 2047 Ave,
277 2003 350 2044 pius
376 2007 408 2035 et
431 2004 596 2041 innocens,

169 2052 250 2095 Ave,
283 2052 364 2084 viam
392 2051 477 2084 vitae
504 2051 634 2090 docem,

170 2100 253 2142 Ave,
281 2100 333 2141 qui
361 2109 522 2141 nunquam
550 2098 672 2142 deficis,

170 2152 252 2191 Ave,
280 2149 334 2189 qui
360 2149 514 2181 mundum
542 2147 659 2181 reficis,

167 2238 249 2280 Ave,
275 2236 434 2268 lassorum
461 2235 599 2274 requies,

166 2285 250 2326 Ave,
278 2284 396 2316 decora
421 2282 533 2324 facies,

168 2335 250 2376 Ave,
277 2332 363 2372 lapis
387 2332 561 2373 pretiosus,

166 2383 249 2425 Ave,
275 2384 362 2413 totus
390 2388 575 2421 generosus,

793 163 847 196 37.
875 164 901 197 Ο
926 165 1124 204 praecellens
1150 165 1334 209 margarita,

790 494 845 526 38.

789 729 844 762 39.

786 966 842 998 40.

783 1298 839 1329 41.

781 1533 838 1565 42.

783 1772 839 1804 43.

785 2004 841 2035 44.

782 2236 838 2268 45.

874 212 924 245 De
948 216 979 243 te
1004 213 1072 245 solo
1098 218 1132 246 tu
1157 223 1207 246 me
1233 213 1311 256 dita,

876 261 922 292 Te
948 270 1109 300 quaeram,
1136 265 1168 293 te
1192 262 1364 302 reperiam,

877 309 1010 341 Praeter
1033 313 1064 340 te
1090 310 1168 342 nihil
1196 310 1332 351 cupiam,

876 356 925 388 Tu
951 356 1117 389 thesaurus
1144 361 1211 390 esto
1237 367 1336 399 meus,

875 404 924 435 Ne
958 405 1029 443 plus
1055 414 1210 444 quaerens
1236 405 1310 438 fiam
1334 415 1420 441 reus,

874 496 954 535 Ave,
980 496 1065 527 mitis
1092 501 1123 527 et
1149 498 1265 538 suavis,

872 544 953 584 Ave,
979 544 1058 574 caeli
1085 544 1176 576 firma
1200 545 1310 586 clavis,

873 592 952 631 Ave,
981 592 1077 623 maris
1106 592 1197 624 huius
1224 598 1346 632 portus,

874 638 971 670 Cuius
995 639 1093 671 mirus
1120 639 1182 671 fuit
1204 645 1305 674 ortus.

871 732 950 772 Ave,
980 731 1117 763 dulcedo
1144 733 1300 773 cordium,

872 779 952 819 Ave,
979 784 1134 820 purgator
1159 781 1312 823 sordium,

870 828 950 865 Ave,
978 832 1090 867 potens
1118 828 1279 867 divinitas,

871 876 952 913 Ave,
980 876 1118 907 clemens
1143 877 1334 910 humanitas.

871 967 951 1003 Ave,
975 966 1089 998 mentis
1117 967 1263 1010 societasy

869 1015 949 1054 Ave,
980 1014 1057 1045 felix
1085 1015 1232 1057 ebm'etaS,

870 1063 948 1103 Ave,
978 1062 1114 1099 Christe,
1143 1071 1219 1095 vera
1245 1064 1330 1106 vitis,

868 1109 927 1147 Qui
953 1111 1089 1141 salutem
1117 1116 1258 1143 nostram
1285 1113 1364 1154 sitis,

869 1158 935 1188 Fac
960 1158 1018 1189 tibi
1045 1167 1171 1200 semper
1197 1160 1345 1192 haeream

868 1206 1040 1244 Tamquam
1060 1208 1190 1249 palmes,
1212 1217 1252 1239 ne
1269 1217 1410 1247 peream.

866 1299 946 1335 Ave,
974 1298 1079 1329 vinum
1108 1299 1297 1339 laetificans,

864 1348 944 1386 Ave,
969 1345 1120 1377 mundum
1148 1346 1333 1386 pacificans,

866 1396 946 1431 Ave,
974 1398 1076 1425 tutum
1105 1394 1272 1436 refugium,

866 1444 946 1481 Ave,
974 1443 1045 1481 iuge
1072 1443 1280 1483 praesidium.

867 1534 946 1571 Ave,
976 1536 1157 1565 sanctorum
1185 1534 1298 1575 gloria,

868 1584 948 1622 Ave,
976 1581 1088 1613 salutis
1115 1582 1229 1624 hostia,

865 1631 945 1668 Ave,
973 1631 1026 1669 qui
1053 1631 1163 1662 stelias
1192 1640 1350 1670 numeras,

867 1679 946 1718 Ave,
975 1678 1028 1717 qui
1055 1685 1168 1710 cuncta
1196 1680 1369 1719 ponderas,

867 1772 947 1811 Ave,
977 1771 1104 1810 dignum
1132 1771 1217 1802 vitae
1243 1771 1378 1813 lignum,

869 1820 930 1850 Pro
956 1824 988 1850 te
1014 1818 1084 1850 colo
1111 1820 1214 1851 crucis
1240 1820 1375 1862 signum,

866 1868 917 1899 Ex
943 1866 1002 1898 hoc
1028 1866 1115 1907 ligno
1143 1868 1350 1907 progreditur

868 1916 978 1957 Omne,
1005 1915 1089 1954 quod
1116 1915 1233 1947 bonum
1260 1917 1416 1950 ereditur.

869 2005 949 2043 Ave,
976 2002 1028 2043 qui
1056 2001 1155 2034 bonos
1183 2003 1307 2045 dirigis,

866 2052 950 2089 Ave,
977 2051 1031 2090 qui
1059 2050 1159 2082 malos
1186 2051 1331 2094 corrigis,

869 2102 950 2139 Ave,
977 2099 1057 2139 legis
1084 2101 1285 2139 terminator,

870 2147 968 2178 Verbi
994 2147 1055 2179 Dei
1081 2147 1267 2182 seminator.

865 2235 945 2275 Ave,
973 2236 1083 2266 noster
1108 2234 1295 2275 advocatus,

866 2284 930 2315 Per
955 2291 1048 2322 quem
1075 2287 1168 2323 pater
1189 2287 1236 2315 est
1255 2284 1416 2323 placatus,

865 2332 946 2369 Ave,
974 2329 1046 2362 fons
1071 2331 1270 2371 indeficiens,

866 2378 959 2411 Sitim
985 2382 1127 2412 nostram
1155 2380 1313 2412 reficiens
