1651 2680
711 94 971 130 —269—

504 215 575 246 230.
615 215 658 246 De
679 216 708 246 S.
729 216 868 248 Iohanne
889 216 1181 258 Bridlingtoniensi.

195 305 226 336 1.
254 303 488 345 Bridlingtonis
514 304 605 345 prior
629 306 691 347 pie,
885 309 915 340 2.
945 307 1032 340 Sicut
1059 309 1176 340 elamat
1201 317 1262 340 vox
1289 309 1321 340 in
1347 309 1459 347 Rama,

253 352 475 392 Repraesenta
500 362 558 385 nos
583 353 734 392 Messiae,
945 355 1059 388 Funde
1086 364 1198 396 preces
1223 360 1319 396 atque
1345 356 1447 389 clama

300 399 359 439 Qui
385 401 433 431 tot
459 399 554 432 flores
581 401 734 440 moribus,
993 404 1055 435 Pro
1082 403 1172 435 nobis
1198 404 1239 435 ad
1266 404 1447 446 Dominum,

251 447 297 481 Ut
321 456 377 479 nos
403 448 507 480 solvat
532 449 565 480 in
593 448 653 480 hac
680 450 731 482 die
944 451 1072 491 Servos,
1098 452 1187 492 prior
1213 448 1366 496 [sancte],
1393 461 1464 484 ama

301 496 332 526 A
360 495 442 527 cutis
469 496 643 529 doloribus,
992 499 1111 531 Sordes
1138 503 1264 538 tergens
1292 500 1469 532 criminum.

256 571 339 598 Miss.
361 579 414 597 ms.
437 571 656 599 Sarisberiense
677 581 753 599 saec.
779 572 822 600 15.
864 574 934 600 Cod.
956 575 1099 601 Oxonien.
1122 574 1214 601 Rawl.
1236 576 1258 602 C
1283 573 1344 602 142.
1367 590 1401 595 —-
1427 574 1454 606 1,
1487 574 1499 603 1

178 609 420 644 Bridlingtonem.
442 624 478 628 —
500 609 583 637 Nach
609 609 632 642 1,
656 608 669 636 1
695 611 770 637 noch
793 612 966 647 iiberziihlig
988 614 1122 639 Imitatur
1146 616 1244 640 castae
1266 615 1341 640 viae.

268 1341 322 1374 10.

517 740 578 772 231.
621 742 662 772 De
683 751 706 772 s.
728 743 863 774 Iohanne
885 743 921 773 de
949 743 1156 783 Bridlington.

351 831 456 869 Salve,
483 835 593 863 sancte
619 832 718 871 prior,
746 837 938 864 maestorum
965 834 1171 873 salvificator,

350 880 427 912 Cum
453 889 550 920 grave
577 880 652 919 quid
680 881 796 921 patior,
823 881 881 912 tibi
909 881 1085 921 confugior,
1113 882 1298 915 medicator.

348 926 435 967 Ergo
461 930 619 959 memento
646 928 717 969 mei,
747 938 816 960 cum
844 929 887 959 sis
915 929 1028 969 plenus
1054 931 1183 970 pietate,

350 975 434 1007 Laus
460 976 627 1015 gentisque
653 977 724 1014 Dei,
752 978 829 1008 mihi
856 980 995 1016 praesta,
1023 978 1106 1017 quod
1134 987 1249 1017 precor
1275 989 1293 1009 a
1319 983 1359 1011 te.

348 1023 397 1054 Tu
423 1025 543 1064 poteris
571 1023 702 1063 Christi,
729 1026 856 1060 scimus,
884 1033 979 1065 prece
1007 1024 1091 1057 ferre
1119 1026 1263 1057 iuvanien

348 1071 502 1103 Omnibus
529 1073 560 1103 in
586 1072 671 1102 tristi
697 1072 918 1112 spectantibus
945 1073 1022 1103 orbe
1048 1074 1205 1106 levamen.

348 1120 458 1151 Virtus
483 1128 618 1158 namque
643 1124 715 1151 tuae
742 1121 857 1152 multos
884 1121 1005 1152 relevat
1032 1121 1171 1160 pietatis,

348 1167 453 1199 Noxia
479 1169 627 1199 continue
653 1168 777 1207 pellens
804 1179 822 1200 a
850 1168 919 1199 dire
945 1171 1095 1208 gravatis.

349 1215 463 1247 Inclite
488 1220 611 1256 pastor,
636 1225 705 1255 ave,
733 1225 791 1256 per
817 1222 847 1247 te
873 1216 970 1247 simus
995 1218 1106 1256 procul
1132 1226 1150 1248 a
1177 1226 1244 1249 vae.

659 1275 677 1294 *
996 1276 1014 1295 *

827 1304 845 1323 ἡ(

350 1341 417 1373 Tua
443 1341 535 1373 nobis
563 1342 658 1373 detur
684 1343 788 1382 gratia
814 1342 969 1382 petitione
997 1343 1050 1382 pia

348 1389 389 1421 Et
416 1390 513 1421 simus
539 1398 666 1430 semper
692 1391 723 1421 in
751 1391 853 1431 gloria
880 1399 949 1421 cum
977 1391 1049 1423 Iesu
1078 1396 1109 1422 et
1137 1391 1252 1423 Maria.

253 1465 353 1492 Horae
380 1473 436 1492 sec.
464 1475 548 1493 usum
577 1465 681 1493 Sarum
710 1475 786 1494 saec.
819 1465 860 1494 15.
889 1467 928 1493 in.
951 1466 1022 1493 cod.
1046 1468 1188 1494 Oxonieu.
1212 1468 1277 1494 Lat.
1309 1468 1351 1495 lit.
1381 1468 1394 1495 s
1416 1465 1443 1494 2.
1466 1483 1501 1487 —

179 1504 236 1531 Die
258 1504 329 1531 zwei
349 1503 458 1532 letzten
471 1505 563 1532 Verse
585 1504 723 1532 scheinen
745 1505 827 1533 nicht
847 1505 929 1532 mehr
945 1515 1009 1532 zum
1029 1505 1297 1541 Vorhergehenden
1313 1516 1348 1534 zu
1363 1505 1501 1541 gehsjren.

177 1542 219 1569 Es
241 1542 337 1578 ergibt
357 1542 419 1569 sich
439 1543 519 1570 daun
541 1544 589 1570 ein
604 1543 820 1571 Akrostichou:
844 1544 973 1571 Scelto
996 1546 1073 1577 uni,
1095 1545 1148 1571 das
1169 1544 1215 1571 ich
1239 1545 1321 1572 nicht
1342 1555 1378 1572 zu
1395 1545 1501 1573 deuteu

177 1581 267 1608 weiss.
312 1580 389 1608 oder
419 1582 504 1608 sollte
535 1582 671 1610 dasselbe
700 1592 756 1609 nur
781 1583 832 1610 der
859 1583 963 1609 Laune
991 1583 1040 1610 «les
1069 1582 1179 1610 Zufalls
1208 1585 1271 1610 sein
1301 1585 1411 1612 Dasein
1438 1593 1499 1612 ver-

179 1619 315 1648 danken?
337 1635 372 1639 —
394 1620 544 1648 Absehrift
565 1629 622 1646 von
645 1621 716 1648 Rev.
739 1621 777 1648 H.
800 1622 839 1648 M.
862 1621 1027 1649 Bannister.

570 1751 636 1782 232.
680 1754 721 1783 De
744 1761 768 1783 s.
793 1753 930 1784 Iohanne
952 1753 1106 1793 Baptista.

192 1844 222 1876 1.
250 1843 336 1876 Cleri
362 1843 566 1882 universitas,
883 1845 913 1876 3.
943 1843 1093 1875 Iohannis
1119 1845 1270 1876 nativitas

249 1891 344 1924 Solve
370 1891 482 1923 laudes
511 1891 637 1923 debitas
944 1892 1006 1924 Per
1032 1897 1135 1923 sortes
1164 1893 1323 1925 exhibitas

298 1939 398 1971 Beato
425 1940 567 1980 Iohanni,
993 1940 1117 1972 Claruit
1143 1941 1320 1983 praeclare,

248 1988 293 2022 Ut
320 1997 379 2028 per
404 1997 475 2020 eum
499 1988 628 2020 siccitas
946 1988 1003 2020 Cui
1030 1989 1141 2020 laudes
1171 1989 1295 2021 debitas

252 2036 363 2069 Cesset
389 2039 420 2067 et
445 2037 620 2068 humiditas
945 2037 1059 2076 Populi
1086 2037 1282 2069 immensitas

296 2084 388 2116 Assit
413 2084 505 2117 bonis
531 2084 616 2117 anni.
992 2085 1096 2116 Debet
1123 2085 1305 2119 decantare.

193 2163 226 2197 2.
253 2161 378 2200 Gaude,
405 2161 483 2193 cleri
511 2161 626 2198 contio,
887 2165 918 2194 4.
949 2162 1031 2193 Dum
1059 2162 1188 2194 iuventa
1213 2161 1331 2204 floruit,

250 2210 390 2243 Laetare
416 2218 486 2242 cum
509 2209 639 2251 gaudio,
952 2209 1111 2242 Maculari
1138 2211 1260 2250 respuit

297 2257 471 2290 Iohannem
497 2258 646 2299 implora,
996 2258 1179 2297 Naviloquo
1205 2257 1300 2299 felle;

249 2307 296 2340 Ut
321 2306 389 2338 eius
414 2306 559 2339 subsidio
943 2306 1006 2338 Hic
1032 2315 1171 2338 eremum
1199 2308 1295 2339 coluit

248 2356 406 2388 Aestuum
432 2354 543 2387 effusio
943 2354 986 2386 Et
1012 2363 1071 2394 pro
1097 2358 1191 2395 pastu
1217 2355 1328 2388 habuit

298 2403 409 2436 Cesset
433 2403 555 2444 absque
581 2411 680 2436 mora.
992 2403 1148 2436 Locustas
1178 2412 1246 2435 cum
1274 2405 1378 2439 melle.
