1651 2680
705 121 748 127 -
799 101 966 138 353-

615 211 678 243 310.
720 213 762 245 Dc
782 214 906 246 Timore
927 216 1048 249 ludicii.

173 301 204 333 1.
233 301 294 340 Qui
319 301 436 340 signati
459 302 536 334 estis
562 302 701 343 Christo,

230 349 427 381 Mementote
452 350 658 390 repromisso,

231 397 323 437 Quod
349 397 498 430 daturum
525 408 558 430 se
584 398 616 430 in
643 401 731 432 caelo

230 443 330 478 Vobis
357 445 439 476 dixit
465 446 498 477 in
526 445 643 479 futuro.

279 491 409 525 Abicite
433 503 517 525 vana
541 495 640 534 loqui.

168 575 202 607 2.
228 573 389 606 Habetote
414 574 447 606 in
473 581 646 616 prospectu

229 621 427 654 Reddituros
453 633 509 655 vos
537 625 577 656 de
602 628 677 656 actu

224 670 392 702 Rationem
419 679 525 703 coram
553 671 632 708 Deo.

227 719 287 757 Qui
314 722 465 750 venturus
492 724 538 750 est
566 729 583 750 e
609 721 707 754 caelo.

273 765 402 799 Abicite
426 776 509 799 vana
533 769 632 808 loqui.

188 875 196 882 .
226 848 296 880 Hoc
323 847 362 879 de
389 849 496 881 verbis
522 851 633 882 otiosis

226 896 315 928 ldem
344 896 461 928 clamat
486 898 518 929 in
546 899 725 939 scripturis,

225 945 312 981 Ideo,
340 954 426 986 rogo,
455 950 565 978 cavete

222 993 309 1025 Leve
336 1001 464 1024 carmen
491 1003 676 1034 personare.

269 1040 398 1073 Abicite
425 1051 507 1074 vana
531 1043 630 1082 loqui.

189 1148 196 1155 .
222 1124 324 1154 Actus
350 1126 474 1154 vestros
500 1123 665 1154 immutate

223 1171 267 1202 Et
293 1170 454 1210 corrigere
479 1172 607 1203 studete

221 1219 265 1250 Et
293 1219 421 1258 dignum
448 1219 518 1250 Deo
543 1223 656 1260 parate

221 1267 449 1300 Habitaculum
475 1267 509 1299 in
536 1267 643 1300 corde.

269 1315 398 1347 Abicite
423 1325 507 1347 vana
531 1316 628 1355 ioqui.

190 1424 195 1430 .
222 1397 287 1430 Ora
313 1400 429 1438 vestra,
457 1407 538 1438 quae
565 1396 720 1430 factorem

220 1443 430 1483 Confitentur,
457 1447 498 1478 ad
525 1447 673 1478 devotam

222 1493 357 1533 Semper
381 1494 446 1525 sint
471 1499 585 1534 parata
611 1495 750 1532 laudem,

222 1541 311 1573 Sicut
338 1542 430 1573 decet
455 1543 664 1574 conditorem.

267 1589 398 1622 Abicite
423 1600 506 1622 vana
529 1591 627 1630 loqui.

186 1696 194 1704 .
220 1673 265 1705 Et
291 1672 368 1712 quid
394 1673 528 1713 prodest
553 1673 605 1705 hic
631 1674 756 1716 laetari,

222 1720 256 1753 Si
284 1721 454 1761 contigerit
478 1722 614 1762 tristari,

221 1769 286 1802 Ubi
312 1774 360 1800 est
385 1770 536 1809 perennis
563 1770 639 1809 vita,

221 1817 348 1850 Gaudia
373 1827 497 1858 quoque
528 1817 702 1850 mansura?

265 1865 394 1899 Abicite
420 1876 503 1898 vana
528 1867 625 1906 loqui.

182 1974 189 1981 .
218 1949 278 1991 Ne,
305 1958 435 1989 quaeso,
464 1949 598 1981 deludat
623 1958 778 1989 praesens

217 1997 377 2030 Gaudium
404 2007 491 2030 meos
518 1997 656 2040 sodales,

217 2046 282 2079 Sed
309 2047 494 2078 contendite
519 2046 670 2088 adipisci,

214 2095 268 2127 Ad
295 2095 381 2134 quod
408 2095 485 2126 estis
511 2094 650 2127 invitati.

263 2142 394 2175 Abicite
417 2152 502 2175 vana
524 2143 623 2182 loqui.

181 2248 189 2256 .
216 2220 290 2253 Non
317 2223 366 2251 est
391 2221 554 2261 gaudium,
581 2219 667 2260 quod
693 2218 766 2252 finis

214 2270 378 2309 Angustat
403 2267 615 2309 deceptionis,

215 2317 281 2350 Sed
306 2318 356 2347 est
380 2316 524 2358 laqueus,
551 2315 605 2357 qui
630 2315 731 2348 nectit

215 2365 352 2406 Ignaros
377 2367 473 2405 atque
497 2364 668 2398 subvertit.

266 2411 398 2446 Abicite
422 2423 507 2446 vana
530 2412 630 2452 ioqui.

212 2473 354 2501 Dravus,
376 2471 426 2494 Pin
441 2471 609 2496 Dictamina.
641 2471 703 2494 VII.

890 308 921 340 9.
950 308 1089 353 Nuptias
1118 310 1264 342 Christus
1291 312 1427 351 paravit,

864 580 917 612 10.

860 854 913 885 11.

857 1399 909 1431 13.

855 1674 910 1706 14.

853 1949 906 1982 15.

853 2220 907 2253 16.

948 357 999 387 Ad
1027 368 1104 397 quas
1130 367 1238 390 omnes
1265 360 1433 400 invitavit;

948 404 1035 444 Ergo
1062 415 1116 437 vos
1143 410 1250 437 tantae
1280 412 1423 439 exsortes

946 451 1048 484 Eritis
1078 453 1242 485 felicitatis
1254 454 1268 485 ἶ)

994 501 1123 532 Abicite
1152 511 1230 533 vana
1255 503 1353 542 loqui.

946 581 1047 612 Eritis
1074 582 1191 620 utique,
1221 589 1308 615 veste

946 628 978 660 Si
1007 630 1122 660 caretis
1149 631 1295 669 nuptiali,

943 675 1110 717 Ligatique
1137 678 1168 708 in
1197 679 1345 710 tenebras

944 724 1081 755 Proiecti
1109 727 1293 758 exteriores.

991 773 1119 804 Abicite
1147 783 1228 805 vana
1253 775 1351 814 loqui.

942 854 1006 886 Ubi
1033 859 1079 886 est
1106 853 1197 886 fletus
1225 865 1262 886 ac
1289 856 1410 887 stridor

943 902 1093 934 Dentium
1120 907 1151 933 et
1176 908 1284 934 vastus
1311 904 1435 943 horror,

942 950 1051 981 Timor
1078 956 1109 982 et
1135 955 1255 982 tremor
1281 957 1431 983 aeternus

941 997 984 1028 Et
1012 999 1161 1037 perennis
1189 1000 1358 1031 cruciatus.

990 1045 1118 1078 Abicite
1144 1056 1225 1077 vana
1251 1047 1348 1086 loqui.

936 1125 984 1156 Ibi
1010 1132 1081 1157 sunt
1109 1126 1203 1165 hydri
1231 1128 1397 1159 mordaces

935 1173 977 1204 Et
1004 1173 1150 1206 flammae
1177 1176 1269 1206 nimis
1295 1176 1420 1216 edam,

939 1221 988 1252 Ibi
1014 1222 1147 1254 horrida
1175 1232 1291 1262 vorago

938 1269 981 1300 Et
1007 1270 1193 1302 taeterrima
1220 1271 1322 1311 caligo

989 1318 1118 1350 Abicite
1144 1328 1226 1350 vana
1252 1320 1350 1359 loqui.

938 1399 1027 1430 Haec
1053 1403 1124 1431 sunt
1153 1400 1237 1431 dona
1263 1401 1382 1432 inimici

937 1447 980 1478 Et
1007 1457 1068 1479 non
1095 1452 1167 1479 sunt
1192 1448 1255 1479 alia
1282 1450 1392 1489 vestri,

938 1497 1027 1528 Haec
1053 1496 1118 1527 suis
1140 1504 1267 1536 semper
1294 1497 1430 1537 largitur

941 1543 1089 1575 Crudelis
1115 1548 1145 1574 et
1173 1551 1367 1577 muneratur.

986 1592 1115 1624 Abicite
1140 1602 1221 1624 vana
1249 1593 1346 1633 loqui.

938 1674 1075 1706 Auferat
1102 1674 1188 1707 Deus
1215 1685 1233 1706 a
1260 1676 1350 1706 vobis

938 1723 982 1754 Et
1007 1733 1026 1754 a
1052 1723 1167 1755 vestris
1194 1724 1373 1761 animabus,

938 1772 983 1804 Ut
1008 1781 1071 1803 non
1098 1771 1147 1803 his
1175 1771 1317 1803 damnati
1345 1772 1456 1812 poenis

938 1819 974 1851 In
1001 1825 1191 1859 perpetuum
1219 1820 1363 1859 ploretis.

987 1870 1102 1909 Amen,
1128 1868 1176 1898 sic
1201 1866 1300 1899 faciat
1326 1869 1424 1902 Deus,

935 1949 1010 1982 Sine
1036 1949 1098 1981 fine
1124 1949 1181 1980 sed
1207 1958 1277 1980 cum
1305 1950 1434 1982 Christo

934 1998 1082 2030 Liberati
1108 1997 1148 2030 ab
1172 1997 1231 2029 hoc
1258 1999 1341 2030 malo

934 2047 1124 2079 Mereamini
1152 2046 1265 2077 laetari

931 2095 975 2127 Et
1001 2104 1071 2126 cum
1098 2095 1218 2126 sanctis
1245 2095 1387 2134 gloriari.

982 2144 1096 2181 Amen,
1124 2143 1170 2173 sic
1196 2142 1294 2174 faciat
1320 2144 1417 2175 Deus.

935 2220 1008 2252 Tibi
1026 2221 1106 2261 laus,
1135 2217 1264 2251 Christe
1284 2220 1483 2262 redemptor,

933 2269 993 2308 Qui
1021 2278 1054 2300 es
1080 2268 1220 2301 omnium
1247 2273 1422 2309 protector,

934 2316 1029 2348 Nunc
1055 2321 1085 2349 et
1112 2325 1240 2358 semper
1267 2321 1297 2348 et
1319 2318 1351 2348 in
1370 2324 1483 2348 aevum

935 2365 998 2397 Per
1021 2365 1150 2397 saecula
1176 2365 1386 2397 saeculorum.

983 2413 1098 2455 Amen,
1125 2413 1172 2445 sic
1196 2413 1297 2445 faciat
1325 2414 1420 2445 Deus.

1275 2469 1312 2496 23
