1651 2680
678 97 935 132 -149—

158 190 213 223 17.
240 189 318 222 Cum
343 190 490 222 scelestis
517 191 689 231 deputatus
851 195 907 227 23.
934 194 1027 230 Ecce,
1056 202 1155 235 agnus
1181 193 1373 232 immolatur,

242 237 377 270 Crucem
405 243 514 278 portat
539 239 735 282 incurvatus,
935 242 1108 282 Tamquam
1135 249 1206 272 reus
1233 240 1326 271 morti
1353 239 1448 271 datur

288 285 450 318 Sternitur
475 287 534 318 sub
561 288 722 327 pondere3
983 291 1066 322 Reos
1092 289 1218 321 solvens
1245 288 1395 326 crimine;

243 334 317 366 Pius
343 343 438 365 sexus
465 335 668 367 lacrimatur:
935 338 1032 371 Cuius
1058 338 1141 370 latus
1167 335 1341 376 perforavit

242 381 308 414 Mei
335 391 441 418 causa,
469 387 675 415 contestatur.
936 386 1044 422 Miles,
1074 387 1194 417 hastam
1223 393 1290 415 cum
1318 384 1468 422 vibravit,

289 429 415 461 Fletum
444 431 507 461 noli
534 429 679 464 fundere.
982 434 1091 465 Fluxit
1118 433 1214 466 unda,
1242 433 1404 472 sanguine.

160 517 213 550 18.
241 516 338 554 Quem
368 516 520 547 nudatum
548 516 749 557 crucifigunt,
855 521 909 551 24.
937 520 1038 551 Terra
1066 519 1184 558 tremit,
1212 519 1258 549 sol
1286 519 1427 556 expavit,

241 563 372 595 Sacrum
408 573 523 603 corpus
557 565 604 595 sic
630 564 779 605 affligunt
936 567 1016 600 Heu.
1045 576 1100 598 cor
1126 575 1227 596 meum
1253 566 1423 596 obduravit

289 611 429 643 Tensum
457 612 696 653 crudelissime3
982 616 1164 646 Adamante
1191 614 1318 651 durius3

241 660 338 692 Cuius
367 664 455 690 artus
482 664 513 690 et
538 660 704 691 iuncturae
935 663 1042 703 Virgo,
1072 663 1148 693 trita
1174 662 1357 701 margarita.

242 708 504 748 Disrumpuntur,
533 708 579 739 vis
606 714 740 740 naturae
935 711 1064 743 Utinam
1092 719 1140 741 me
1167 714 1284 749 pungat
1312 710 1357 740 ita

290 755 385 788 Dolet
410 756 618 788 amarissime.
982 759 1040 790 Tui
1068 758 1175 790 cordis
1201 757 1339 797 gladius.

160 845 213 876 19.
239 843 323 874 Huic
350 842 453 874 dolori
479 842 685 880 addiderunt,
847 846 903 878 25.
930 846 1029 885 Quem
1058 846 1096 876 de
1123 853 1215 874 cruce
1243 845 1439 883 deponentes

240 891 306 922 Vah
334 891 446 923 Iudaei
473 890 690 922 clamaverunt
933 893 998 924 Viri
1025 893 1110 924 iusti.
1139 897 1241 922 tecum
1269 891 1390 927 flentes,

289 939 447 970 Vexantes
474 938 699 979 blasphemiis3
978 941 1048 971 'sibi
1079 941 1155 972 dant
1180 940 1369 977 iustissin1e;

240 986 302 1018 Pro
333 987 380 1018 his
407 991 529 1026 patrem
558 991 647 1026 rogat
675 996 771 1024 mere,
929 989 1025 1026 Quem
1056 990 1086 1019 in
1114 998 1194 1020 novo
1222 991 1424 1018 monumento

237 1035 297 1075 Qui
323 1044 392 1066 eum
421 1034 625 1066 crucifixere:
933 1037 1077 1067 l'retioso
1103 1045 1171 1067 cum
1201 1037 1361 1075 pigmento

288 1083 400 1121 Parce,
426 1083 540 1123 inquit,
567 1083 693 1114 nest-iis.
982 1086 1127 1115 Condunt
1157 1084 1386 1114 honestissime.

163 1170 220 1202 20.
246 1169 320 1208 Ipse
346 1168 489 1208 pendens
517 1178 584 1200 cum
612 1169 736 1200 latrone
849 1171 904 1203 26.
935 1170 1078 1201 Limbum
1116 1174 1240 1209 patrum
1274 1169 1469 1210 penetravit,

242 1218 355 1256 Amen,
385 1217 466 1248 dixit
490 1217 522 1248 in
549 1226 659 1257 agone,
932 1219 1134 1253 Consolatur,
1162 1227 1239 1256 quos
1266 1218 1394 1251 amavit.

290 1265 415 1296 Mecum
443 1265 506 1296 eris
532 1265 643 1302 citius;
982 1267 1111 1297 Vinctos
1139 1266 1213 1296 inde
1241 1266 1370 1305 liberam

243 1313 288 1344 Te
316 1313 449 1344 Iohanni
475 1313 718 1353 commendavit,
933 1315 1008 1345 Post
1038 1315 1115 1345 haee
1141 1322 1273 1353 surgens
1301 1315 1331 1344 in
1363 1314 1472 1345 triduo

242 1361 334 1392 Illum
362 1361 424 1392 sibi
449 1361 626 1400 adoptavit,
934 1363 1091 1394 Immenso
1119 1360 1243 1401 fulgens
1270 1362 1386 1401 gaudio

291 1408 335 1442 Ut
360 1409 401 1440 sit
426 1412 498 1440 tuus
525 1409 618 1443 filius,
985 1411 1086 1441 Valde
1110 1417 1139 1440 te
1167 1409 1332 1442 laetificat*

160 1497 214 1528 21.
242 1495 379 1527 Gemens
400 1496 500 1536 spirat
527 1500 558 1527 et
576 1499 647 1535 post
673 1505 776 1536 pauca
852 1497 906 1530 27.
935 1497 1030 1536 Rapit
1059 1497 1159 1528 nubes
1187 1496 1268 1526 hunc
1296 1501 1437 1535 repente,

241 1543 316 1575 Heli
343 1544 460 1575 clamat
485 1553 562 1575 voce
588 1553 695 1580 rauca,
935 1546 1062 1576 Caelum
1090 1545 1215 1576 scandit
1240 1549 1270 1574 te
1297 1545 1427 1576 vidente

289 1591 348 1624 Est
373 1602 434 1623 vox
460 1593 522 1623 ista
547 1591 683 1630 flebilis3
982 1594 1017 1624 ln
1045 1594 1163 1624 virtute
1187 1593 1338 1633 pr‹)pria;

244 1639 313 1679 Fet,
340 1644 463 1672 acetum
491 1644 523 1672 et
548 1645 724 1672 murratum
936 1642 1014 1673 Inde
1040 1642 1135 1681 misit,
1164 1650 1256 1680 quem
1283 1641 1440 1680 promisit,

245 1688 359 1719 Vinum
385 1692 492 1728 gustat
517 1689 578 1719 sibi
606 1689 713 1719 datum
937 1691 1077 1722 Pneuma
1105 1698 1248 1723 sacrum,
1276 1699 1336 1729 quo
1363 1689 1474 1721 invisit

292 1735 409 1768 Sitiens
437 1741 468 1768 et
495 1736 620 1770 debilis.
984 1739 1161 1778 Pauperum
1190 1738 1390 1777 praecordia.

159 1825 214 1856 22.
243 1823 344 1855 Filius
371 1824 510 1855 intactae
536 1824 648 1855 matris
852 1825 908 1858 28.
937 1824 1041 1863 Super
1068 1824 1197 1855 aethera
1224 1824 1352 1855 elevans

240 1871 330 1904 Tunc
356 1872 388 1903 in
415 1881 510 1903 manu
538 1871 600 1905 Dei
628 1871 730 1911 patris
936 1872 976 1904 Et
1004 1873 1035 1903 in
1064 1873 1177 1904 dextra
1204 1877 1234 1903 te
1261 1873 1424 1904 collocans

291 1920 533 1952 Commendavit
561 1920 728 1960 spiritum:
985 1921 1184 1952 Advocatam
1211 1922 1396 1962 eonstituit3

244 1967 512 2000 Consummatum
541 1969 743 2008 exclamavit⁴¹
936 1970 1022 2009 Quae
1049 1969 1130 2001 caeli
1156 1969 1284 2000 scandis
1305 1970 1472 2010 verticem,

240 2016 457 2048 Lacrimando
483 2017 671 2056 exspiravit.
939 2018 1102 2050 Plau-atum
1130 2017 1221 2048 nobis
1247 2018 1383 2048 iudicem

289 2066 406 2097 Mortis
433 2066 528 2097 solvit
554 2065 707 2097 debitum.
984 2066 1114 2097 Reddas
1141 2075 1178 2096 ac
1205 2067 1389 2107 propitium.

463 2154 516 2185 29.
548 2152 640 2192 Lam,
667 2151 842 2192 gratiarum
869 2153 953 2183 actio

544 2200 669 2232 Mariae
696 2200 739 2231 sit
765 2209 835 2231 cum
862 2199 931 2232 filio

595 2248 689 2280 Nunc
715 2252 746 2280 et
772 2248 804 2280 iu
831 2252 1035 2289 perpetuum.

220 2335 302 2363 Orat.
332 2344 385 2362 ms.
406 2335 576 2362 Parisieuse
597 2331 636 2370 [‘?]
657 2342 733 2361 saec.
757 2331 830 2361 ¹⁶lie.
871 2334 942 2361 Cod.
967 2335 1091 2361 Paris-in.
1114 2332 1197 2362 3639.
1223 2350 1257 2354 —
1279 2334 1306 2367 8,
1328 2335 1344 2362 5
1366 2338 1473 2363 statuit

140 2374 179 2401 ist
199 2373 367 2402 Korrektur
388 2375 419 2401 in
439 2374 491 2401 der
512 2374 579 2405 Hs.;
608 2372 760 2400 vielleicht
780 2373 867 2400 stand
888 2373 954 2400 dort
975 2375 1081 2406 stavit3
1111 2373 1180 2401 oder
1201 2374 1270 2401 lies:
1299 2375 1332 2402 In
1355 2375 1476 2403 deserto

140 2415 170 2440 et
189 2413 329 2449 portavit.
