1651 2680
647 129 690 134 —
743 108 908 144 209-—

156 204 189 235 5.
217 202 265 235 Tu
301 202 414 242 ingens
439 211 514 243 spes
543 204 752 245 credentium,

215 250 300 292 Ipsis
324 251 445 290 praebe
469 252 680 292 praesidium.

396 324 704 334 ······

459 372 705 380 .....

158 443 192 474 6.
220 442 246 474 O
271 445 306 473 tu
331 441 424 482 virgo
449 442 546 474 valde
569 444 634 483 pia,

216 489 277 521 Dei
299 493 403 521 mater
430 493 460 520 et
486 489 564 530 filia,

215 537 327 569 Hostis
353 546 488 577 nequam
515 539 676 571 contraria

214 585 282 616 Tua
308 587 441 617 vincens
466 587 621 625 potentia.

159 681 188 713 7.
217 681 355 713 Nostrae
382 682 497 722 carnis,
525 691 543 712 o
569 683 684 723 Maria,

217 729 276 761 Est
302 729 470 762 abundans
496 730 636 766 miseria,

215 778 279 809 Sua
307 779 407 809 virtus
433 782 465 808 et
491 778 593 818 gloria

214 825 421 858 Marcescunt
447 826 528 857 sicut
556 825 645 859 folia.

852 207 882 238 8.

830 684 884 715 10.

522 922 704 954 Virtutibus
731 923 872 954 enutrias

522 970 564 1003 Et
592 975 665 1010 post
691 974 826 1002 mortem
851 971 1019 1009 suscipias.

198 1064 278 1091 Orat.
308 1073 361 1090 ms.
391 1064 418 1091 S.
449 1065 529 1091 Petri
556 1065 757 1101 Salisburgeu.
785 1074 861 1091 saec.
892 1064 934 1091 15,

913 206 1008 246 Ergo,
1036 205 1126 245 virgo
1151 204 1362 244 sanctissima,

909 254 1015 285 Mater
1040 252 1161 286 Christi
1187 252 1361 287 carissima,

913 302 981 334 Tua
1007 310 1102 340 prece
1127 300 1270 341 piissima

912 350 1000 389 Roga
1026 358 1086 388 pro
1111 348 1212 387 nobis,
1239 348 1357 386 Maria,

882 470 885 474 .
915 446 1013 483 Quem
1040 444 1185 484 genuisti,
1212 443 1322 481 filium,

912 493 953 524 Ut
983 493 1036 523 det
1062 492 1138 522 mihi
1166 491 1357 523 consortium

910 540 1001 571 luter
1025 545 1145 571 turmas
1171 539 1322 575 fidelium,

912 588 1065 619 Perennis
1091 588 1175 619 vitae
1200 587 1361 627 gaudium.

912 683 1033 714 Pronus
1057 681 1168 714 flector
1194 683 1234 714 ad
1261 682 1374 720 altare,

912 731 957 762 Te
984 730 1127 762 delector
1150 730 1296 769 adorare,

912 778 954 810 Ut
982 788 1031 810 me
1057 787 1183 818 semper
1209 778 1380 816 custodias,

912 827 1027 858 Preces
1054 836 1139 858 meas
1166 826 1329 864 exaudias,

984 1065 1053 1091 (jod.
1083 1065 1191 1091 l'etrin.
1220 1074 1237 1091 a
1268 1065 1306 1090 IV
1335 1062 1381 1091 35.
1411 1077 1446 1082 ——

122 1103 136 1130 I
159 1099 185 1134 3,
209 1101 226 1129 3
247 1101 372 1129 Christe.
394 1118 431 1122 —
453 1101 479 1133 3,
501 1102 519 1129 4
543 1103 591 1129 Sis
619 1103 691 1130 mihi
719 1103 899 1138 suffragium.
926 1118 955 1121 —
980 1102 1006 1131 4.
1028 1102 1046 1130 3
1068 1112 1113 1130 ine
1140 1104 1206 1129 scis.
1228 1117 1265 1122 —-
1287 1105 1311 1133 13,
1334 1102 1351 1129 4
1375 1103 1447 1129 Tuis

120 1141 248 1168 mundis.
271 1156 306 1160 —
328 1139 355 1173 δ’,
379 1140 392 1167 1
415 1143 613 1176 praet-eninm.
635 1156 671 1158 —
689 1140 715 1173 8,
736 1140 755 1168 4
776 1143 954 1169 Interveutu.
971 1156 1007 1160 -—
1025 1140 1066 1174 lo,
1089 1140 1106 1167 4
1128 1151 1179 1176 per
1202 1143 1291 1176 pacis.
1309 1158 1342 1160 ἡ
1363 1139 1407 1172 ll,
1430 1138 1447 1166 2

119 1179 195 1207 Erat
221 1180 376 1214 propitius.
399 1195 436 1198 —
460 1178 502 1211 12,
524 1179 542 1206 4
564 1181 598 1206 Ιῐι
620 1179 701 1207 horis
732 1180 788 1207 celi
809 1181 924 1207 celiuin.
950 1194 985 1198 —
1008 1181 1035 1206 ΙΙ
1061 1180 1083 1211 l,
1106 1178 1123 1206 4
1145 1181 1302 1215 ‹···nti11git.
1327 1195 1359 1198 ——
1384 1178 1409 1209 5,
1433 1178 1446 1205 l

117 1219 163 1246 Tu
186 1227 216 1245 es
241 1220 353 1253 ingens.
376 1232 412 1236 —
434 1216 459 1249 7,
481 1216 498 1245 3
521 1218 577 1245 Sed
598 1222 665 1245 tuae
687 1219 812 1246 virtutes
835 1228 868 1246 ex
889 1219 993 1253 gloria.
1016 1233 1051 1236 —
1073 1216 1099 1245 8.
1121 1218 1139 1245 4
1161 1228 1177 1243 o
1193 1219 1298 1244 Maria.
1322 1232 1358 1236 —-
1381 1216 1408 1249 9,
1430 1216 1447 1243 3

115 1257 198 1284 Inter
220 1257 334 1283 animas
354 1256 495 1283 fidelium.
517 1271 549 1276 —
574 1256 601 1287 9,
623 1256 641 1282 4
660 1257 702 1284 Et
722 1259 869 1292 perennis.
892 1272 927 1276 —-
951 1256 995 1288 10,
1016 1257 1033 1283 2
1057 1258 1078 1283 Α
1094 1260 1123 1283 te
1144 1258 1234 1283 lector
1261 1257 1396 1283 adorare.
1413 1269 1448 1274 —·-

118 1293 160 1327 10,
187 1293 206 1322 3
233 1295 387 1322 custodiat.
422 1309 451 1314 -e
478 1293 522 1329 10,
543 1294 562 1321 4
589 1296 734 1322 exaudiat.
757 1310 794 1314 —
818 1294 860 1328 10,
882 1296 899 1322 5
922 1296 1089 1322 Virtutibus
1117 1305 1161 1322 me
1191 1301 1219 1322 et
1247 1297 1388 1322 enutriat.
1412 1310 1447 1314 —-

117 1331 160 1368 10,
182 1331 199 1360 6
224 1333 347 1360 mortem
376 1336 504 1360 animam
534 1343 626 1361 meam
649 1335 810 1369 suscipiam
835 1335 913 1361 daun
935 1334 1026 1361 noch:
1056 1334 1094 1360 Et
1115 1334 1150 1360 ad
1173 1336 1263 1361 vitani
1285 1338 1447 1360 aeternam

116 1371 265 1408 perducat.

550 1476 609 1507 157.
651 1475 693 1506 De
716 1474 815 1508 Beata
837 1475 937 1507 Maria
959 1475 993 1505 V.

151 1577 182 1609 1.
209 1579 289 1615 Ave,
316 1576 432 1614 Maria,

208 1624 278 1656 Tua
303 1624 379 1656 mihi
406 1625 559 1655 memoria

208 1672 320 1704 Dulcis
346 1672 388 1704 sit
413 1681 511 1712 super
537 1673 652 1703 omnia.

151 1761 182 1793 2.
211 1758 396 1792 Sermonem

209 1807 259 1839 De
285 1812 316 1839 te
340 1807 445 1840 libens
472 1807 585 1848 habeo,

213 1855 276 1888 Sed
305 1857 415 1896 culpas
442 1864 529 1888 meas
556 1855 661 1886 timeo.

151 1945 183 1977 3.
211 1943 298 1984 Ergo
324 1948 370 1982 tu,
396 1941 610 1982 sanctissima,

210 1992 420 2024 Peccatorum
446 1999 520 2030 spes
547 1990 652 2026 unica,

211 2039 368 2073 Conforta
393 2043 481 2071 tuum
510 2038 676 2077 famulum,

210 2088 256 2122 Ut
282 2089 341 2120 tibi
369 2088 456 2120 dicat
483 2086 656 2119 canticum.

151 2178 183 2210 4.
211 2176 237 2208 Ο
265 2175 385 2210 Maria.

210 2225 270 2257 Pia
295 2227 327 2254 et
355 2223 502 2263 benigna,

212 2272 262 2304 Tu
288 2275 392 2303 mater
417 2279 450 2303 es
477 2274 509 2301 et
534 2268 612 2307 filia,

211 2322 261 2354 Tu
287 2318 391 2361 patris
416 2317 584 2358 sapientia,

213 2369 262 2401 Tu
288 2366 347 2399 filii
372 2366 497 2399 laetitia

212 2417 254 2449 Et
282 2416 438 2447 trinitatis
463 2414 578 2455 gloria.

173 2477 314 2502 Dreves,
338 2474 387 2497 Pia
404 2473 570 2497 Dictamina.
603 2470 664 2495 vn.

847 1579 879 1610 5.

907 1576 932 1608 Ο
960 1575 1076 1610 Maria,

907 1625 956 1655 Tu
982 1625 1065 1655 caeli
1090 1624 1209 1664 regina.

906 1672 954 1704 Tu
981 1682 1065 1711 spes,
1093 1675 1127 1703 tu
1153 1672 1313 1703 medicina

908 1720 958 1752 Tu
985 1721 1080 1752 stella
1107 1721 1262 1752 matutina

908 1768 951 1800 Et
978 1778 1051 1800 rosa
1077 1769 1144 1799 sine
1169 1769 1271 1808 spina.

875 1918 883 1926 .
909 1894 935 1925 O
959 1892 1077 1932 Maria,

910 1942 958 1972 Tu
985 1950 1113 1980 sponsa,
1141 1945 1174 1973 tu
1201 1941 1386 1981 thalamum,

910 1990 960 2021 Tu
985 1989 1062 2021 solis
1088 1989 1318 2030 habitaculum,

911 2039 959 2070 Tu
986 2035 1070 2069 forte
1096 2039 1384 2079 propugnaculum,

913 2086 1024 2117 Hostis
1051 2096 1113 2118 non
1140 2086 1255 2118 timens
1279 2087 1452 2121 vinculum.

876 2244 883 2251 .
912 2221 937 2253 Ο
965 2221 1080 2259 Maria,

914 2269 962 2300 Tu
990 2268 1098 2302 datrix
1124 2269 1258 2309 gratiae,

912 2317 960 2348 Tu
987 2315 1058 2348 fons
1084 2317 1334 2357 misericordiae,

912 2365 961 2396 Tu
987 2368 1094 2398 custos
1121 2365 1322 2399 innocentiae

916 2413 957 2445 Et
984 2415 1148 2455 speculum
1174 2415 1360 2448 munditiae.

1248 2470 1282 2499 14
