1651 2680
652 97 888 132 -81-

141 297 173 332 1.
201 296 378 330 character
405 295 420 339 s
441 298 539 330 tertio

247 345 320 376 loco
345 345 550 387 subrogatur,

200 392 297 426 Cuius
323 396 446 426 tractus
472 394 598 436 virgula

249 441 366 481 simpla
390 440 558 483 figuratur,

199 489 302 522 Recta
326 493 432 522 tamen
459 490 544 522 linea

250 536 348 569 ducta
372 537 594 578 prolongatur,

200 585 321 617 Vertex
348 586 581 624 aliquantulum

249 633 338 666 cuius
364 634 553 667 obuncatur.

142 739 174 772 2.
203 739 305 777 Iesus,
333 739 591 779 simplicissimus

249 784 320 818 fons
347 787 575 827 simplicitatis,

200 834 262 876 Qui
287 835 424 874 triplam
449 837 574 876 respuit

248 882 312 922 piis
339 883 523 923 duplicatis,

202 931 324 962 Fucum
352 929 476 963 fraudis
503 931 612 963 disicit

249 978 304 1009 lux
331 979 384 1010 hic
412 979 568 1019 veritatis,

202 1026 272 1058 Nec
298 1027 395 1058 ullam
423 1030 618 1067 compatitur

249 1073 396 1106 umbram
424 1073 586 1107 falsitatis.

252 1226 398 1266 duplices
424 1226 562 1267 fastidit,

204 1274 238 1307 Si
264 1275 335 1314 quis
363 1275 483 1314 duplex
511 1276 644 1318 venerit,

250 1323 340 1354 Iesus
367 1324 452 1355 huuc
472 1324 594 1363 relidit,

202 1368 332 1402 Efficax
359 1371 508 1412 thyriaca

251 1419 392 1451 toxicum
418 1419 548 1461 occidit,

201 1467 306 1506 Super
331 1468 447 1499 vulnus
474 1468 606 1499 vulnere

251 1515 435 1547 damnando
462 1515 612 1548 concidit.

142 1622 174 1654 4.
202 1621 294 1654 Iesus
319 1630 391 1652 cum
419 1620 620 1660 simplicibus

248 1672 337 1700 stans
364 1670 607 1706 sermocinatur,

201 1716 307 1750 Corde
332 1720 439 1749 tamen
465 1717 604 1757 simplici

250 1765 340 1796 Iesus
367 1765 576 1807 quaeritatur,

199 1812 258 1846 Iob
284 1813 423 1853 simplex
449 1812 620 1854 terrigenis

252 1863 374 1893 cunctis
400 1861 474 1902 plus
498 1861 660 1904 laudatur,

201 1909 434 1950 simplicesque
459 1910 612 1949 parvulos

251 1958 342 1990 Iesus
369 1958 583 1999 amplexatur.

141 2066 174 2098 5.
200 2065 348 2098 Examen
373 2064 517 2098 iustitiae

248 2114 359 2154 virgae
385 2113 556 2156 rectitudo,

200 2163 307 2203 Quam
334 2160 437 2194 flectit
460 2171 480 2193 a
505 2160 635 2193 tramite

251 2210 340 2242 nulla
366 2209 534 2251 tortitudo,

200 2259 323 2299 Perpes
350 2263 399 2290 est
423 2258 599 2290 aeternitas

248 2307 359 2348 virgae
388 2306 565 2348 longitudo,

198 2357 302 2398 Quam
326 2364 388 2388 nec
409 2364 496 2387 mors
522 2353 710 2397 interpolat,

249 2404 307 2436 sed
333 2413 393 2436 nec
419 2403 582 2436 valetudo.

159 2464 302 2493 Dreves,
320 2462 371 2486 Pia
388 2461 555 2486 Dietamina.
586 2460 650 2485 VII.

169 1204 177 1211 .
203 1179 351 1218 Simplex
378 1180 505 1219 quaerit
530 1180 705 1222 simplices,

738 213 800 247 111.

837 302 868 334 6.

815 2065 870 2098 10.

896 299 1012 332 Mortis
1038 309 1096 332 nec
1122 310 1177 333 ens
1206 301 1333 334 debitor

943 349 1041 380 emori
1068 349 1205 391 volebat,

897 395 998 428 Solvit
1027 405 1084 436 pro
1111 396 1292 438 terrigenis,

943 445 1027 483 quod
1054 453 1116 476 non
1143 444 1310 486 rapiebat,

893 491 977 524 Dum
1004 492 1075 524 fons
1102 493 1186 524 vitae
1212 493 1359 535 moritur,

942 544 1076 571 mortem
1102 541 1282 579 occidebat,

893 587 960 619 Nec
987 588 1058 627 plus
1084 589 1196 619 mortis
1223 588 1369 620 stimulus

940 636 1047 667 Iesum
1073 637 1278 676 perurgebat.

861 768 867 774 .
895 741 932 773 Iu
961 750 1054 772 cruce
1081 750 1150 772 cum
1177 741 1283 782 pugile

942 798 1029 820 mors
1057 790 1154 821 semel
1182 788 1333 827 conflixit,

896 837 974 868 Cum
1001 846 1129 868 carnem
1155 842 1190 868 ut
1217 837 1359 868 cerinum

944 886 1015 916 Iesu
1043 894 1119 916 crux
1145 885 1286 922 confixit,

897 932 1097 972 Consurgens
1124 937 1197 973 post
1222 933 1385 973 paululum

944 981 974 1011 in
1002 985 1165 1012 aeternum
1193 980 1281 1020 vixit,

898 1029 1038 1061 Mortem
1064 1029 1158 1059 morti
1185 1029 1311 1068 perpeti

949 1076 1107 1108 devictam
1135 1076 1272 1108 addixit.

866 1208 872 1214 .
899 1180 990 1212 Obun
996 1184 1086 1212 catur
1112 1181 1234 1212 vertice

946 1229 1034 1259 Iesus
1060 1228 1287 1270 occumbendo,

897 1276 1056 1308 Inclinato
1083 1277 1190 1316 capite

946 1324 1041 1355 vitam
1068 1324 1252 1364 emittendo,

896 1371 1111 1403 Terrenorum
1141 1372 1258 1403 osculis

944 1429 978 1451 os
1006 1420 1098 1451 dulce
1124 1418 1294 1459 flectendo,

893 1468 1111 1500 Accurrentes
1138 1467 1279 1499 brachiis

944 1516 1044 1547 tensis
1070 1516 1304 1555 amplectendo

898 1620 1015 1653 Oscula
1036 1621 1183 1660 repudiet

945 1677 985 1700 ne
1011 1669 1177 1708 quisquam
1203 1668 1322 1705 oblata.

897 1717 974 1749 Alta
1002 1725 1095 1748 cruce
1122 1717 1265 1749 clamitat

945 1769 1051 1796 moute
1077 1765 1205 1805 situata,

898 1813 950 1845 Sic
977 1813 1104 1854 clamat,
1134 1814 1218 1853 quod
1246 1812 1384 1845 raucitas

947 1860 1048 1893 faucis
1075 1864 1124 1891 est
1149 1867 1269 1897 curata,

899 1909 986 1942 Suda
1011 1910 1164 1950 languent
1189 1909 1308 1940 lumina

946 1956 1023 1989 fletu
1048 1957 1224 1989 madidata.

898 2064 1023 2106 Manus,
1051 2073 1120 2106 pes,
1147 2064 1336 2096 laterculum

945 2111 1042 2144 fixum
1068 2112 1261 2153 terebratur,

898 2161 961 2194 Sed
989 2169 1105 2201 corpus
1131 2161 1172 2192 ad
1199 2165 1306 2193 terrae
1331 2170 1370 2192 os

945 2212 1045 2240 totum
1073 2213 1295 2250 procurvatur‚

900 2256 948 2291 Ob
976 2258 1084 2289 cordis
1111 2257 1313 2290 dulcedinem

947 2309 1044 2345 caput
1069 2305 1257 2348 aduncatur,

897 2353 944 2387 Ut
968 2354 1060 2386 Iesus
1083 2353 1334 2394 philanthropus

945 2403 1044 2434 mirus
1071 2403 1271 2435 ostendatur.

1245 2457 1263 2486 6
