1651 2680
672 93 930 129 —197—

216 187 338 216 Collect.
358 195 412 215 ms.
433 187 627 216 vedastinum
649 197 726 216 saec.
749 188 794 219 13.
829 190 898 218 Cod.
922 189 1078 218 Cadomen.
1103 188 1137 216 14
1159 190 1211 223 (IV
1220 194 1232 209 0
1251 188 1304 223 18).
1320 187 1424 220 —1a.
1446 187 1464 215 5

138 227 256 262 cirpea.
277 239 314 245 —
343 225 390 259 lc,
411 223 429 252 6
450 225 555 254 Vinea.
580 242 617 246 —
645 226 690 260 lc,
719 226 736 254 7
757 229 838 256 Laus
860 237 990 256 manens.
1011 244 1048 248 —
1068 227 1121 259 512,
1143 227 1160 255 3
1182 238 1290 256 amore.
1312 241 1347 246 —
1369 226 1421 259 5b‚
1444 227 1462 255 6

137 273 266 293 cruor-ee.
286 279 323 284 —
344 263 397 297 eb,
417 262 437 290 4
457 272 568 292 amosa.
590 278 626 284 —-
648 266 697 296 δε,
719 264 737 292 3
759 267 794 294 In
814 266 895 294 fehlt.
916 282 954 286 —
974 266 1025 301 9a,
1048 267 1065 295 6
1086 276 1139 294 nos
1161 268 1287 294 adhesis.
1310 282 1348 286 —
1368 264 1419 298 9b,
1443 264 1462 293 4

138 303 259 332 Doleas.
281 319 317 323 -
338 301 393 335 90,
414 301 433 329 4
453 303 580 330 Adveas.
604 319 635 323 -—
664 303 739 336 llb.
761 303 778 332 3
800 306 884 333 adsit.
908 322 943 326 —
968 305 1037 337 llb,
1059 304 1077 332 4
1099 306 1182 332 Stola
1202 315 1264 332 nos.
1287 321 1322 324 ⁷—
1346 302 1422 337 1311,
1444 303 1463 332 4

137 343 318 377 Abstergens
339 345 412 368 rata.
428 355 466 359 —
487 343 547 369 Der
561 343 646 369 For-m
669 343 743 370 nach
765 353 801 371 zu
822 345 956 378 urteilen,
979 344 1229 380 moglicherweise
1250 344 1324 371 auch
1346 344 1461 371 Cautio.

135 381 203 409 ‘Von
222 379 390 408 demselben
404 379 558 407 Verfasser
578 381 631 408 das
650 381 724 408 Lied
748 383 858 409 Veris
881 383 969 415 flos,
995 383 1135 413 Herba,
1157 392 1194 409 ro
1205 393 1228 409 s.

179 564 211 597 1.

145 2176 203 2208 10.

144 2345 199 2379 11.

613 492 674 524 147.
717 493 758 525 De
779 494 877 525 Beata
898 495 998 526 Maria
1018 495 1053 526 V.

238 563 347 595 Mente
373 563 515 604 gaudens
542 564 738 604 praedicabo

235 611 298 642 Dei
319 616 455 643 matrem
481 615 514 643 et
538 611 689 653 laudam),

235 659 308 690 Tibi
335 669 461 691 carmen
489 659 679 692 decantabo.

236 731 350 763 Cordis
376 731 439 762 mei
465 741 562 764 nosce
588 735 706 769 votum.

233 779 356 810 Malum
383 789 402 811 a
427 788 477 810 me
503 781 588 820 pelle
612 784 713 811 totum

234 827 275 858 Et
302 827 420 858 amoris
446 837 527 868 auge
553 833 671 861 votum.

203 925 209 932 .
236 899 354 937 Mater,
381 899 457 931 audi
484 904 515 931 et
542 900 668 941 exaudi,

283 947 441 978 Miserere
467 949 586 990 miseriy

234 995 290 1026 Me
300 1005 383 1026 nunc
395 1003 489 1027 cerne
499 1005 557 1027 nec
566 997 773 1035 hunosperne

283 1042 418 1074 Cautum
446 1044 491 1075 tui
518 1044 649 1076 servuli.

233 1116 313 1156 Ave,
342 1120 445 1147 mater
472 1116 675 1156 desponsata,

233 1162 294 1194 Dei
319 1168 423 1195 mater
445 1168 645 1206 praenotata,

235 1210 332 1251 Virgo
358 1220 487 1250 semper
511 1212 646 1245 illibata.

235 1283 316 1321 Ave,
343 1284 450 1316 lumen
476 1283 643 1325 SimeoniS,

235 1331 344 1362 vellus
371 1332 502 1362 madens
529 1332 699 1374 GedeoniS‚

235 1379 359 1418 Sponsa
384 1380 527 1420 prudens
555 1381 743 1413 Salomonis.

228 1452 309 1492 Ave,
336 1452 412 1483 solis
439 1450 555 1483 florens
582 1453 702 1495 hortus,

231 1499 332 1531 Stella
357 1499 466 1539 maris,
492 1504 580 1532 tutus
606 1506 718 1542 portus

230 1547 273 1578 Et
299 1552 428 1587 optatus
454 1557 581 1588 semper
607 1554 711 1589 potus.

196 1644 203 1650 .
231 1620 311 1659 Ave,
338 1619 436 1652 moris
463 1620 646 1660 disciplina,

230 1667 279 1698 Tu
305 1669 464 1700 caelorum
492 1677 525 1699 es
550 1670 660 1709 regina

231 1715 273 1746 Et
298 1716 444 1748 dolorum
470 1717 640 1749 medicina.

196 1813 203 1820 .
231 1790 311 1827 Ave,
341 1789 429 1829 virgo
455 1789 645 1828 puellarum,

229 1836 300 1867 Lux
319 1841 502 1869 sanctorum
522 1841 553 1868 et
572 1840 765 1879 sanctarum,

230 1884 292 1915 Per
302 1889 334 1916 te
343 1890 489 1916 crescunt
500 1894 557 1916 nec
566 1889 768 1917 marcescunt

277 1933 391 1965 Flores
418 1933 605 1973 pudicitiae.

194 2029 202 2038 .
228 2006 309 2044 Ave,
336 2016 410 2038 rosa
436 2007 591 2047 speciosa,

229 2054 364 2086 Gemma
389 2054 563 2094 splendens
590 2054 742 2095 pretiosa,

230 2102 330 2142 Virga
356 2104 444 2136 Iesse
470 2101 646 2136 fructuosa.

231 2174 335 2207 Deum
361 2174 442 2207 caeli
467 2176 634 2216 peperisti,

229 2223 355 2255 Mundo
381 2223 472 2263 lapso
499 2223 698 2264 succurristi,

229 2271 354 2304 Nexum
381 2271 493 2304 mortis
521 2271 690 2304 deuexisti.

227 2342 284 2387 (Ο)
309 2344 400 2386 virgo
426 2343 487 2376 Dei
511 2343 726 2386 sanctissima,

226 2393 278 2424 Tu
301 2402 367 2432 pax
391 2393 505 2425 mundi
529 2392 692 2424 tutissima

227 2441 272 2474 Et
298 2441 373 2474 vitis
400 2440 639 2474 fecundissima.

849 567 900 597 12.

847 903 900 934 14.

846 1166 900 1198 15.

847 1335 900 1366 16.

841 1498 896 1531 17.

841 1661 894 1694 18.

842 1826 896 1858 19.

841 1989 897 2022 20.

839 2300 896 2331 21.

929 567 954 598 Ο
981 571 1083 598 mater
1109 567 1271 604 virtutum,

929 614 1038 646 Servis
1063 614 1126 644 tuis
1153 617 1275 645 scutum

930 662 1062 702 Semper
1087 662 1206 700 praebe
1232 666 1345 693 tutum.

870 739 901 766 ³.
930 734 974 766 Ut
999 734 1100 765 hostis
1125 734 1201 765 mali
1227 738 1328 766 sortes

929 783 996 821 Ipsi
1023 783 1154 814 vincant
1180 781 1280 814 fortes

929 830 998 861 Nec
1023 830 1179 862 malorum
1204 831 1268 862 sint
1290 834 1464 862 consortes.

930 904 955 934 Ο
982 903 1098 938 Maria,
1125 906 1227 933 mater
1256 902 1318 941 pia,

928 950 1042 982 Mundi
1069 950 1165 983 salus,
1191 951 1275 981 vitae
1301 950 1361 989 via,

976 1000 1004 1029 A
1029 1002 1070 1032 te.
1098 998 1254 1037 quidquid
1281 998 1375 1037 gessi,

977 1046 1085 1086 Virgo,
1111 1055 1175 1076 non
1202 1046 1330 1081 recessi,

976 1095 1021 1125 Te
1052 1095 1083 1124 in
1111 1093 1207 1124 corde
1234 1094 1327 1133 gessi,

929 1166 1029 1204 Opem
1057 1176 1075 1197 a
1101 1169 1131 1195 te
1158 1175 1285 1204 quaem.

925 1213 1043 1248 Mater,
1070 1222 1128 1243 nec
1156 1214 1302 1252 despero.

926 1261 989 1293 Sed
1016 1262 1162 1293 iuvamen
1189 1271 1315 1300 quaero.

927 1333 1022 1365 Solve
1048 1342 1188 1364 meorum

924 1382 1040 1413 Vincla
1066 1387 1281 1421 peccatorum.

925 1431 1047 1462 Lumen
1075 1430 1271 1468 angelorum.

924 1497 949 1528 Ο
978 1496 1049 1528 fons
1076 1496 1274 1537 imleficlenS,

925 1545 1037 1576 Dulcis
1065 1550 1093 1575 et
1122 1545 1278 1576 reficiens.

922 1594 975 1624 Ad
1002 1598 1033 1624 te
1058 1603 1151 1624 curro
1178 1594 1299 1626 sitiens,

923 1661 1025 1700 Impl(¹
1050 1661 1243 1692 desiderium

923 1709 1038 1740 Cordis
1065 1712 1095 1738 et
1122 1710 1307 1748 suspirium,

924 1757 1026 1788 Dulce
1052 1755 1265 1796 refrigerium,

925 1825 973 1856 Tu
1000 1825 1031 1855 in
1056 1833 1105 1856 me
1132 1825 1229 1855 robur
1252 1826 1366 1865 insere,

924 1873 968 1905 Ut
994 1873 1117 1905 hostem
1141 1874 1259 1912 possim
1287 1874 1416 1905 vincere

923 1921 965 1952 Et
991 1924 1094 1952 tecum
1121 1930 1248 1961 semper
1275 1921 1391 1955 vivere.

924 1989 949 2020 O
975 1998 1069 2028 quam
1097 1988 1200 2025 beata,

925 2038 986 2069 Per
1012 2046 1105 2076 quam
1133 2041 1275 2069 reserata

973 2085 1053 2116 Sunt
1078 2085 1170 2116 Adae
1197 2086 1293 2117 vitia!

924 2133 949 2166 Ο
976 2143 1069 2173 quam
1096 2133 1259 2166 laudanda

923 2182 1031 2213 Mater
1057 2185 1086 2213 et
1113 2183 1251 2214 amanda

972 2231 1035 2262 Per
1060 2239 1154 2270 quam
1181 2234 1271 2263 tanta
1296 2232 1422 2263 munia!

924 2297 949 2329 O
975 2307 1068 2337 quam
1095 2306 1209 2330 serena

923 2346 1033 2386 Virgo,
1060 2344 1124 2378 fide
1151 2346 1256 2386 plena.

923 2395 1021 2426 Cuius
1049 2394 1129 2425 mira
1153 2395 1277 2428 iustitia,

923 2442 1043 2475 Nostra
1070 2441 1130 2474 fuit
1155 2443 1288 2477 laetitia.
