1651 2680
156 197 211 230 27.

152 526 208 558 28.

149 857 203 890 29.

149 1185 203 1218 30.

145 1516 201 1548 31.

143 1844 201 1876 32.

143 2173 202 2206 33.

677 99 936 136 —187—

240 197 335 229 Anna
359 196 478 229 sterilis
504 206 524 228 a
548 197 630 240 pari,

245 244 322 277 Cum
349 247 381 276 te
407 244 488 277 vidit
515 243 693 287 fecundari,

287 292 404 325 Grates
429 292 496 332 agit
521 292 677 333 Domin03

238 340 402 373 Praedicit
429 339 590 372 Christum
617 350 752 382 regnare

237 387 281 420 Et
307 389 459 428 deinceps
485 388 629 420 iudicare

285 436 434 476 Ignorato
459 436 606 468 termino.

235 527 354 568 Regem
383 527 473 559 dedit
498 528 612 559 Israeli

235 575 385 614 Loquens
411 574 498 607 Deus
525 576 664 608 Samueli

283 623 381 655 Facie
407 623 447 655 ad
475 622 607 662 faciem3

237 671 420 711 Reprobat,
448 681 519 704 cum
546 682 608 704 non
634 673 752 714 obedit,

236 719 323 750 Deus
350 720 444 760 hunc,
473 720 608 751 alterum
637 721 744 761 dedit;

283 767 436 808 Cognitus
462 777 521 807 per
547 769 696 808 speciem.

234 858 359 898 Regnat
388 859 492 890 David
522 863 553 889 et
579 864 651 899 post
677 868 747 891 eum

232 906 381 946 Regnare
407 907 566 947 promittit
594 908 695 939 Deum

282 955 370 986 Deus
396 964 452 987 suo
478 956 615 994 seniine3

233 1002 347 1034 Semen
374 1003 481 1035 David
509 1013 658 1035 assevero

234 1050 373 1082 Verbum
399 1052 431 1083 in
458 1051 584 1083 homine
612 1061 698 1092 vero,

280 1099 329 1130 De
355 1104 386 1132 te
413 1103 522 1131 natum
551 1100 683 1139 virgine.

232 1185 301 1226 Ego
325 1185 384 1217 flos
411 1186 526 1225 campi.
550 1186 651 1217 lilium

232 1233 317 1272 Sum,
345 1234 443 1275 Deus,
472 1240 503 1265 et
530 1235 719 1266 convallium

282 1282 372 1322 Spes.
402 1283 487 1314 salus
514 1283 693 1315 humilium.

233 1330 316 1371 Tibi,
339 1336 452 1371 mater,
480 1331 659 1370 virginitas,

230 1379 314 1420 Tibi,
342 1380 442 1420 virgo,
472 1378 663 1413 fecunditas,

278 1427 407 1467 Duplex
436 1426 632 1459 beneficium.

231 1515 409 1547 Salomonis
436 1519 620 1547 consecrata

230 1563 350 1595 Mulier
376 1562 501 1603 quaerit
527 1574 544 1594 a
572 1563 648 1596 data

278 1611 359 1643 Frui
386 1611 562 1652 sapientia:

230 1659 356 1692 Sterilis
383 1664 412 1691 et
442 1659 572 1692 viduata

231 1708 284 1739 Ad
313 1707 477 1740 Chn'stum
503 1712 550 1738 est
578 1712 739 1749 revocata,

281 1756 373 1788 Cedit
400 1756 561 1788 idolatria.

230 1843 345 1875 Veniet
371 1853 437 1879 rex.
466 1843 570 1883 inquit
594 1844 651 1875 illa

228 1892 341 1924 Austri
366 1892 478 1933 regina
504 1891 637 1931 Sibylla,

275 1940 410 1981 Sceptra
443 1939 604 1980 praebens
631 1940 770 1981 regibus,

227 1988 338 2021 Novus
364 1999 446 2021 nova
473 1988 564 2028 signa
592 1989 681 2020 dabit

226 2037 269 2069 Et
294 2038 328 2069 in
353 2037 416 2070 fine
441 2037 597 2068 iudicabit

274 2087 353 2119 Cum
379 2086 444 2118 suis
470 2085 683 2126 principibus.

230 2173 324 2205 quta
347 2172 531 2204 vaticinium

227 2221 332 2254 Isaiae
358 2220 458 2253 filium

274 2267 406 2302 Profers
431 2269 529 2301 maris
555 2268 683 2307 nesciaq

227 2317 332 2350 Rorat
358 2318 502 2359 caelum,
529 2317 630 2349 nubes
656 2317 772 2356 pluunt

229 2366 430 2399 Salvatorem
456 2370 488 2398 et
513 2364 648 2397 effluunt

273 2414 353 2447 Eius
380 2413 546 2448 beneficia.

850 198 906 230 34.

847 530 902 561 35.

847 861 901 893 36.

847 1188 901 1219 37.

846 1516 901 1548 38.

845 1846 900 1877 39.

841 2173 899 2205 40.

934 197 1059 229 Novum
1087 197 1164 229 fecit
1191 198 1275 230 Deus
1302 199 1429 237 mirum,

935 245 1014 278 Cum
1041 250 1074 277 tu
1101 245 1169 277 sine
1196 247 1264 278 viro
1290 248 1394 278 virum

983 293 1176 334 Concepisti‚
1207 294 1342 334 fe1nina3

936 341 1119 374 Placantem
1147 351 1244 379 genus
1271 343 1433 375 hominum

937 389 1005 420 Deo
1033 391 1116 429 patri
1144 394 1178 421 tu
1205 391 1373 422 Dominum

981 438 1151 479 Peperisti,
1181 439 1318 473 «lomina.

932 529 1080 561 Clausam
1109 529 1187 560 vidit
1215 535 1338 569 portam
1367 540 1436 562 seru

929 577 1080 608 Ezechiel
1109 581 1137 607 et
1166 587 1278 609 revera

980 625 1118 657 Notatur
1144 627 1336 667 sacrarium

932 673 1047 705 Clausa
1075 682 1200 712 semper
1227 675 1376 705 exstitisti

932 722 1063 755 Parens,
1092 723 1160 753 Deo
1187 722 1327 753 tribuisti

979 771 1107 802 Humile
1135 769 1301 809 refugium.

930 862 1082 892 Adventu
1109 862 1210 892 sancti
1238 866 1418 892 sanctorum

931 910 1076 942 Cessabit
1105 910 1360 940 cirvumcisorum

980 958 1112 997 Regalis
1138 958 1291 992 inunctio,

930 1005 1004 1036 Fiat
1030 1006 1102 1036 licet
1132 1006 1318 1044 temporalis

930 1053 1009 1084 Eius
1037 1054 1148 1092 virtus,
1176 1054 1378 1092 triumphalis

978 1101 1030 1132 Sic
1057 1106 1237 1132 sanctorum
1267 1102 1364 1133 natio.

931 1187 1060 1227 Signum
1089 1188 1183 1219 datur
1209 1188 1367 1218 sannianti

928 1236 1007 1275 Regi
1035 1236 1127 1276 lapis,
1156 1236 1316 1274 ignoranti

978 1284 1112 1323 Lapidis
1138 1283 1297 1323 osticiunu

931 1332 1029 1371 Lapis
1049 1331 1193 1363 Christus
1219 1337 1345 1363 struens
1366 1341 1468 1372 reges,

931 1380 1080 1411 [dolati-is
1107 1389 1206 1411 novas
1233 1380 1318 1419 leges

974 1428 1063 1460 Dans
1091 1429 1174 1459 vitae
1203 1429 1436 1461 commercium.

929 1515 1008 1546 Tres
1035 1515 1139 1546 illaesi
1164 1520 1235 1545 sunt
1263 1515 1302 1546 al·
1328 1516 1410 1554 igne,

928 1563 1008 1602 Quia
1035 1563 1121 1595 Deus
1148 1573 1220 1594 suos
1249 1564 1343 1604 digne

975 1612 1085 1643 Salvat
1111 1611 1237 1643 salvans
1263 1613 1389 1651 omniag

929 1660 1027 1697 Patri,
1056 1664 1141 1693 nato,
1170 1660 1328 1699 paraclito

928 1708 1056 1739 Laudes
1083 1706 1225 1739 referunt
1253 1708 1360 1739 subito

975 1756 1087 1796 Sopita
1114 1756 1283 1788 calumnia.

927 1844 1013 1875 Mira
1042 1844 1152 1875 videns
1178 1844 1257 1874 mira
1284 1843 1384 1874 refert

927 1892 996 1924 Rex
1024 1893 1184 1932 indignus.
1213 1892 1261 1923 cui
1289 1891 1395 1925 defert

975 1940 1120 1980 Superna
1148 1940 1333 1979 clementi-ag

929 1992 1083 2029 Quantus,
1110 1989 1223 2028 inquit.
1253 1989 1311 2020 Dei
1338 1994 1430 2020 natus

928 2037 987 2068 His
1014 2046 1174 2077 apparens
1201 2038 1370 2070 miseratus

973 2086 1077 2117 Adest
1104 2095 1173 2117 cum
1200 2086 1332 2119 laetitia.

927 2172 979 2204 Sic
1006 2176 1127 2204 eructat
1157 2173 1326 2213 Virgilius:

925 2221 974 2252 De
1001 2222 1089 2253 caelo
1116 2225 1210 2252 natus
1237 2221 1320 2252 filius

973 2269 1016 2301 Et
1041 2279 1125 2301 nova
1150 2269 1318 2309 progenies

926 2317 1087 2349 Procedet
1112 2322 1176 2348 tam
1203 2318 1362 2354 subtilius.

926 2366 1025 2405 Quam
1048 2366 1118 2406 ipse
1143 2366 1321 2398 mirabilius

974 2414 1078 2446 Novat
1105 2423 1203 2446 novas
1230 2413 1339 2447 facies.
