1651 2680
131 143 187 176 39.

135 611 190 644 40.

137 1080 193 1111 41.

142 1543 197 1573 42.

142 2005 197 2036 43.

648 44 905 80 ..344-

214 143 312 182 Ecce,
340 143 423 174 redit
449 143 603 182 prodigus

265 191 304 222 de
329 191 501 230 longinquo
527 194 633 229 natus,

215 238 278 270 Sua
304 247 373 269 cum
399 237 623 269 meretricibus

266 286 347 316 bona
374 286 557 325 dissipatus,

216 334 368 373 Indignus
396 337 453 372 est,
481 341 520 364 ne
546 333 659 365 amodo

264 382 307 412 sit
332 381 416 412 filius
443 385 583 418 vocatus,

218 429 266 461 Sit
290 429 374 460 inter
399 429 612 460 mercenarios

264 475 378 509 saltem
405 481 598 509 numeratus.

219 613 385 650 Succurre,
413 614 515 650 pater,
543 610 618 652 filio,

265 667 396 689 occurre
422 658 606 695 revertenti,

219 707 376 738 Restaura
400 709 517 737 statum
543 704 682 746 perdito,

267 755 307 785 da
332 754 437 784 lumen
462 762 575 785 caecae
602 753 709 793 menti,

220 802 323 833 Vitam
351 802 450 832 redde
476 806 608 843 mortuo,

268 851 374 881 vivere
400 849 550 888 cupienti,

219 897 320 929 Tuum
347 900 396 928 est
420 897 502 927 enim
530 896 653 927 veniam

267 949 432 984 praestare
461 944 634 976 confitenti.

220 1080 367 1117 Agnosco
394 1086 462 1109 mea
488 1079 620 1115 scelera,

270 1126 422 1157 confiteor
447 1131 623 1164 peccatum,

222 1175 385 1213 cognosco
409 1173 568 1204 miseriam

270 1229 371 1252 meam
397 1226 429 1253 et
454 1225 588 1257 reatum,

223 1269 399 1301 contritum
424 1277 462 1300 ne
490 1268 648 1308 despicias

273 1326 327 1348 cor
352 1321 381 1347 et
409 1316 617 1354 humiliatum,

224 1364 287 1396 Sed
313 1373 372 1402 per
397 1368 427 1394 te
455 1373 566 1394 munus
594 1363 704 1394 veniae

270 1412 311 1442 sit
337 1411 501 1443 confitenti
527 1411 648 1442 datum.

223 1540 347 1572 Vulnus
372 1548 474 1570 meum
502 1539 615 1578 detego

271 1586 340 1625 tibi,
371 1595 490 1617 summe
517 1586 608 1625 bone,

222 1636 270 1667 Tu
295 1635 491 1665 medicamen
518 1635 635 1666 adhibe

272 1686 381 1713 curata
405 1682 553 1719 laesione,

223 1731 323 1762 Tuam
349 1739 483 1770 namque
509 1728 623 1761 faciem

274 1787 342 1809 cum
369 1778 557 1809 contritione

223 1827 416 1858 Praevenire
442 1827 533 1864 cupio

272 1875 303 1905 in
331 1872 539 1905 confessione.

226 2003 385 2035 Confiteor
409 2003 572 2034 humiliter

270 2050 418 2090 indignus
444 2055 475 2082 et
500 2053 650 2090 peccator

225 2098 297 2130 Tibi
323 2099 504 2138 sanctisque
529 2098 683 2135 omnibus,

272 2150 451 2178 sanctorum
478 2145 681 2187 gubernator,

224 2194 304 2234 Quia
329 2196 458 2233 peccavi
485 2194 615 2226 nimium

274 2242 379 2273 carnis
406 2241 510 2273 factus
535 2245 672 2281 amator,

225 2290 457 2329 Transgressor
482 2290 562 2332 legis
588 2289 715 2322 Domini

274 2342 305 2369 et
330 2337 580 2378 praevaricator.

821 144 878 174 44.

822 610 878 643 45.

825 1079 881 1111 46.

825 1539 882 1572 47.

824 2004 880 2035 48.

904 141 1040 173 Peccavi
1066 140 1163 172 corde
1188 139 1320 172 nimium

950 197 1051 228 prava
1073 188 1270 227 meditando,

905 237 1019 270 Pravis
1045 236 1215 269 desideriis

952 285 1046 316 nimis
1072 284 1281 322 immorando,

905 333 1080 364 Irascendo
1104 333 1220 364 leviter

953 384 986 411 et
1009 380 1091 412 iram
1115 379 1310 412 reservando

905 427 949 459 Et
975 428 1135 469 despectis
1162 429 1276 460 ceteris

954 485 1100 516 magnum
1126 485 1177 507 me
1201 474 1391 515 reputando.

905 609 968 642 Ore
994 618 1084 646 vana,
1112 611 1229 649 turpia,

951 656 1099 688 scurrilia
1125 657 1293 696 loquendo,

904 705 1086 741 Memmia,
1111 705 1264 746 periuria,

953 752 1124 785 maledicta
1149 751 1333 794 promendo,

904 799 1061 837 Adfflans,
1090 799 1275 839 convssians,

954 847 1114 888 deridens,
1143 847 1351 885 detrahendo,

903 895 1037 935 Probra,
1063 895 1270 926 contumelias

950 952 988 974 ac
1014 943 1114 974 minas
1140 942 1319 974 inferendo.

911 1077 1043 1108 Peccavi
1070 1077 1139 1108 visu
1165 1076 1295 1107 nimium

955 1124 1068 1156 illicita
1096 1124 1245 1163 videndo,

908 1173 945 1204 In
972 1173 1076 1204 carnis
1103 1172 1320 1213 voluptatibus

953 1220 1078 1251 oculum
1104 1219 1242 1260 figendo,

907 1267 1105 1308 Spectaculis
1130 1277 1168 1299 ac
1194 1267 1314 1299 lusibus

953 1324 1002 1346 me
1028 1315 1117 1347 vanis
1143 1315 1359 1355 immiscendo,

906 1362 1104 1403 Superbum,
1132 1371 1277 1402 nequam,
1303 1362 1438 1394 lividum

955 1411 1080 1442 oculum
1105 1410 1262 1443 habendo.

909 1539 971 1570 Per
997 1539 1140 1570 auditum
1167 1539 1290 1570 aurium

956 1587 1086 1626 peccavi
1114 1586 1338 1626 delinquendo,

909 1634 1008 1671 Vana,
1037 1634 1146 1674 stulta⁷
1173 1635 1269 1666 noxia

956 1682 1095 1714 libenter
1120 1683 1292 1723 audiendo,

909 1731 1029 1762 Aurem
1056 1730 1290 1763 detractoribus

957 1787 994 1810 ac
1019 1777 1144 1810 frivolis
1168 1779 1365 1818 praebendo.

908 1827 1103 1858 Auscultans
1130 1826 1253 1868 illicita,

958 1874 1050 1906 utilia
1076 1875 1267 1915 spernendo.

907 2003 970 2034 Per
994 2006 1118 2042 gustum
1145 2004 1273 2035 assidue

954 2050 1102 2082 illicitum
1128 2050 1264 2094 offendo,

909 2097 1077 2138 Superflua
1103 2098 1224 2130 cibaria

960 2154 998 2178 ac
1023 2146 1138 2186 pocula
1163 2149 1326 2192 sumendo,

910 2193 1087 2234 Delicatus,
1114 2193 1242 2226 bibulus

959 2250 997 2274 ac
1022 2251 1122 2273 vorax
1149 2242 1327 2286 existendo,

910 2289 1128 2321 Membrorum
1155 2299 1214 2330 per
1237 2293 1399 2332 superflua

961 2337 1105 2369 effectum
1132 2339 1320 2374 omittendo.
