1651 2680
701 103 743 107 -—
794 81 959 117 304—

614 205 680 236 282.
723 205 765 235 Da
785 204 894 235 sancto
915 203 1032 235 Pelino.

189 373 217 404 1.
246 373 341 412 Regis
369 380 474 412 regum
501 371 592 411 plebs
619 372 735 404 devota

245 421 330 452 Voce
356 420 452 462 clara,
481 424 585 451 mente
611 423 678 451 tota

294 467 442 500 Celebret
469 468 654 508 sollemnia3

243 515 341 547 Festa
367 516 501 547 redeunt
524 516 673 554 iucunda,

245 564 286 595 Et
314 572 371 595 nos
396 569 501 595 mente
528 563 691 594 sitibunda

291 611 458 643 Solvamus
482 612 664 652 praeconia.

189 689 219 720 2.
246 689 339 719 Solve
366 691 439 719 vota
465 688 560 726 digna
585 688 690 727 laude,

240 736 332 767 Totis
358 735 478 767 viribus
505 736 679 774 congaude,

288 783 454 814 Valvensis
480 783 634 822 ecclesia,

240 830 313 862 Sola
341 831 437 869 digna
464 835 497 862 tu
522 829 621 867 fuisti,

240 878 315 909 Sola
342 883 375 909 tu
402 879 605 917 promeruisti

289 926 390 958 Pelini
417 926 577 965 suffragia.

815 295 840 326 1.

871 373 902 404 3.
931 371 1005 403 Sola
1031 371 1177 412 possides
1202 371 1385 410 primatum,

931 418 1008 451 Sola
1032 423 1124 450 tenes
1150 419 1368 459 praesulatum

978 467 1019 499 Et
1047 468 1114 498 eius
1139 467 1286 508 insignia,

931 514 1026 546 Cuius
1053 523 1168 555 corpus
1194 515 1246 545 hic
1272 513 1418 554 quiescit,

930 563 993 594 Per
1018 571 1112 602 quem
1137 563 1233 594 latius
1260 561 1409 594 clarescit

977 610 1067 642 Haec
1093 615 1197 643 mater
1222 610 1368 642 ecclesia.

893 713 898 718 .
926 687 1014 718 Haec
1041 687 1095 718 lux
1120 689 1220 719 mirae
1247 686 1414 726 claritatis,

928 734 1041 766 Gratia
1065 735 1246 771 latinitatis,

974 782 1085 814 Oritur
1110 784 1142 814 in
1168 782 1315 823 Graecia,

927 831 1026 869 Quam
1053 830 1129 862 inde
1155 830 1437 870 praedestinarunt

925 878 969 908 Et
995 877 1056 909 huc
1081 879 1180 917 gratis
1206 881 1413 917 asportarunt

974 925 1035 957 Dei
1061 925 1275 965 providentia.

541 1000 596 1033 R⁰
621 1003 692 1039 Eia,
721 1000 849 1041 fratres,
877 1001 989 1040 canite,

621 1049 719 1081 Trino
745 1050 812 1089 regi
838 1048 976 1088 psallite,

624 1097 739 1129 Grates
766 1097 877 1136 dignas
903 1097 999 1137 agite,

623 1145 739 1175 Vetera
765 1143 925 1185 deponite,

623 1192 714 1223 Nova
740 1201 795 1223 vos
821 1191 953 1231 induite,

622 1240 714 1271 Diem
743 1238 857 1270 festum
884 1239 989 1277 colite,

624 1287 821 1319 Cantilenam
849 1285 955 1323 facite,
1036 1325 1044 1332 N

623 1335 762 1373 Martyri
788 1335 1015 1373 complaudite.

189 1515 218 1546 1.
246 1515 308 1547 Hic
333 1514 431 1544 nobili
457 1523 572 1554 genere

244 1562 379 1594 Ciuitate
405 1561 567 1593 Dnracliio

244 1610 350 1640 Matre
376 1610 501 1648 quidem
529 1609 674 1650 Saphira‚

246 1658 339 1689 Patre
365 1661 456 1688 natus
482 1657 656 1698 Archadio,

188 1735 221 1766 2.
246 1734 315 1765 Deo
340 1732 576 1770 famulantibus,

249 1782 436 1814 Constitutis
461 1783 493 1813 in
519 1784 617 1822 senio,

248 1829 373 1861 Nullam
401 1839 488 1869 spem
515 1831 695 1863 tenentibus

249 1879 351 1917 Super
376 1877 522 1910 habendo
548 1877 623 1915 filio,

800 1441 844 1472 II.

869 1517 900 1549 3.
928 1516 999 1547 Nisi
1025 1525 1117 1555 quam
1146 1520 1358 1556 conceperant

929 1564 1136 1595 Praecinente
1164 1564 1296 1606 Basilio,

928 1612 1025 1644 Cuius
1051 1616 1124 1650 post
1150 1613 1334 1644 commissus
1361 1616 1410 1644 est

929 1659 1099 1691 Praeclaro
1125 1660 1319 1699 magisterio.

897 1761 903 1768 .
930 1737 973 1768 Et
998 1738 1030 1768 in
1054 1738 1176 1777 templo
1201 1737 1330 1770 Domini

928 1785 1063 1817 Oblatus
1090 1789 1138 1816 est
1165 1794 1234 1816 cum
1261 1786 1388 1826 gaudio.

931 1832 1027 1864 Cuius
1053 1833 1105 1864 hic
1131 1834 1281 1866 continuo

928 1880 1171 1921 Congaudemus
1197 1883 1362 1922 martyrio.

542 1954 596 1986 R⁰
622 1956 691 1993 Eia,
720 1954 847 1995 fratres,
875 1957 988 1990 canite.

191 2135 221 2167 1.
248 2135 359 2167 Crevit
383 2139 510 2167 sanctus
538 2136 576 2167 de
603 2139 735 2176 repente

246 2186 361 2214 sancto
388 2184 501 2223 spiritu
528 2185 672 2223 replente

292 2231 438 2271 Desuper
461 2232 634 2271 ingenium,

244 2279 285 2310 Et
313 2278 446 2310 festinus
472 2279 627 2318 aspiravit

245 2326 288 2358 Et
314 2327 353 2358 ad
381 2336 503 2358 sacrum
531 2327 712 2360 convolavit

292 2374 464 2407 Doctrinae
491 2374 662 2417 fastigium,

796 2061 856 2093 111.

894 2164 901 2171 .
929 2139 1000 2171 Non
1027 2140 1191 2172 ascribens
1217 2141 1279 2173 sibi
1304 2142 1386 2174 tanti

929 2187 993 2219 Sed
1021 2187 1113 2219 donis
1139 2188 1272 2228 spiritus
1298 2191 1402 2223 sancti

976 2235 1122 2267 Muneris
1147 2234 1299 2275 officium,

930 2282 1021 2315 Tunc
1046 2283 1168 2315 relictis
1194 2285 1352 2319 universis

929 2331 978 2362 Ac
1003 2331 1145 2371 legitime
1172 2331 1327 2372 dispersis

977 2379 1072 2411 quta
1097 2380 1306 2420 evangelium.
