<?xml version="1.0" encoding="UTF-8"?>
<!DOCTYPE html PUBLIC "-//W3C//DTD XHTML 1.0 Transitional//EN"
    "http://www.w3.org/TR/xhtml1/DTD/xhtml1-transitional.dtd">
<html xmlns="http://www.w3.org/1999/xhtml" xml:lang="en" lang="en">
 <head>
  <title>
</title>
<meta http-equiv="Content-Type" content="text/html;charset=utf-8" />
  <meta name='ocr-system' content='tesseract 3.04.00' />
  <meta name='ocr-capabilities' content='ocr_page ocr_carea ocr_par ocr_line ocrx_word'/>
</head>
<body>
  <div class='ocr_page' id='page_1' title='image "./analectahymnica46drevuoft/analectahymnica46drevuoft_0353.png"; bbox 0 0 1651 2680; ppageno 0'>
   <div class='ocr_carea' id='block_1_1' title="bbox 720 90 978 126">
    <p class='ocr_par' dir='ltr' id='par_1_1' title="bbox 720 90 978 126">
     <span class='ocr_line' id='line_1_1' title="bbox 720 90 978 126; baseline 0 0"><span class='ocrx_word' id='word_1_1' title='bbox 720 90 978 126; x_wconf 85' lang='lat'>—350—</span> 
     </span>
    </p>
   </div>
   <div class='ocr_carea' id='block_1_2' title="bbox 891 185 1430 371">
    <p class='ocr_par' dir='ltr' id='par_1_2' title="bbox 891 185 1430 371">
     <span class='ocr_line' id='line_1_2' title="bbox 891 185 1430 227; baseline -0.004 -7"><span class='ocrx_word' id='word_1_2' title='bbox 891 189 944 220; x_wconf 89' lang='lat'>15.</span> <span class='ocrx_word' id='word_1_3' title='bbox 971 187 1131 227; x_wconf 83' lang='lat' dir='ltr'>Quidquid</span> <span class='ocrx_word' id='word_1_4' title='bbox 1157 185 1235 218; x_wconf 85' lang='lat' dir='ltr'>mihi</span> <span class='ocrx_word' id='word_1_5' title='bbox 1261 185 1430 218; x_wconf 82' lang='lat' dir='ltr'>dicebatur</span> 
     </span>
     <span class='ocr_line' id='line_1_3' title="bbox 1023 233 1364 274; baseline -0.006 -8"><span class='ocrx_word' id='word_1_6' title='bbox 1023 234 1072 266; x_wconf 90' lang='lat' dir='ltr'>De</span> <span class='ocrx_word' id='word_1_7' title='bbox 1097 239 1228 266; x_wconf 83' lang='lat' dir='ltr'>aeterna</span> <span class='ocrx_word' id='word_1_8' title='bbox 1252 233 1364 274; x_wconf 86' lang='lat' dir='ltr'>gloria,</span> 
     </span>
     <span class='ocr_line' id='line_1_4' title="bbox 974 281 1364 316; baseline -0.008 -1"><span class='ocrx_word' id='word_1_9' title='bbox 974 282 1062 316; x_wconf 83' lang='lat' dir='ltr'>Nihil</span> <span class='ocrx_word' id='word_1_10' title='bbox 1089 283 1167 314; x_wconf 84' lang='lat' dir='ltr'>mihi</span> <span class='ocrx_word' id='word_1_11' title='bbox 1192 281 1364 314; x_wconf 85' lang='lat' dir='ltr'>videbatur</span> 
     </span>
     <span class='ocr_line' id='line_1_5' title="bbox 1022 330 1318 371; baseline 0 -9"><span class='ocrx_word' id='word_1_12' title='bbox 1022 330 1093 362; x_wconf 87' lang='lat' dir='ltr'>Nisi</span> <span class='ocrx_word' id='word_1_13' title='bbox 1118 330 1318 371; x_wconf 81' lang='lat' dir='ltr'>temporalia.</span> 
     </span>
    </p>
   </div>
   <div class='ocr_carea' id='block_1_3' title="bbox 230 188 851 371">
    <p class='ocr_par' dir='ltr' id='par_1_3' title="bbox 230 188 851 371">
     <span class='ocr_line' id='line_1_6' title="bbox 230 188 776 227; baseline -0.004 -6"><span class='ocrx_word' id='word_1_14' title='bbox 230 191 260 221; x_wconf 87' lang='lat'>9.</span> <span class='ocrx_word' id='word_1_15' title='bbox 290 188 359 220; x_wconf 82' lang='lat' dir='ltr'>Hoc</span> <span class='ocrx_word' id='word_1_16' title='bbox 386 188 588 220; x_wconf 81' lang='lat' dir='ltr'>considerate</span> <span class='ocrx_word' id='word_1_17' title='bbox 613 188 776 227; x_wconf 89' lang='lat' dir='ltr'>templum,</span> 
     </span>
     <span class='ocr_line' id='line_1_7' title="bbox 333 234 851 277; baseline 0 -11"><span class='ocrx_word' id='word_1_18' title='bbox 333 236 422 275; x_wconf 83' lang='lat' dir='ltr'>Quod</span> <span class='ocrx_word' id='word_1_19' title='bbox 434 245 482 266; x_wconf 87' lang='lat' dir='ltr'>me</span> <span class='ocrx_word' id='word_1_20' title='bbox 492 235 640 267; x_wconf 88' lang='lat' dir='ltr'>mersitin</span> <span class='ocrx_word' id='word_1_21' title='bbox 648 234 851 277; x_wconf 83' lang='lat' dir='ltr'>profundum,</span> 
     </span>
     <span class='ocr_line' id='line_1_8' title="bbox 287 283 817 323; baseline 0 -8"><span class='ocrx_word' id='word_1_22' title='bbox 287 283 443 315; x_wconf 81' lang='lat' dir='ltr'>Relictum</span> <span class='ocrx_word' id='word_1_23' title='bbox 452 283 541 314; x_wconf 89' lang='lat' dir='ltr'>vobis</span> <span class='ocrx_word' id='word_1_24' title='bbox 551 292 618 313; x_wconf 85' lang='lat' dir='ltr'>sum</span> <span class='ocrx_word' id='word_1_25' title='bbox 628 284 817 323; x_wconf 82' lang='lat' dir='ltr'>exemplum,</span> 
     </span>
     <span class='ocr_line' id='line_1_9' title="bbox 334 329 848 371; baseline 0 -10"><span class='ocrx_word' id='word_1_26' title='bbox 334 331 494 371; x_wconf 82' lang='lat' dir='ltr'>Deceptus</span> <span class='ocrx_word' id='word_1_27' title='bbox 502 340 559 371; x_wconf 90' lang='lat' dir='ltr'>per</span> <span class='ocrx_word' id='word_1_28' title='bbox 566 329 679 363; x_wconf 79' lang='lat' dir='ltr'>falsum</span> <span class='ocrx_word' id='word_1_29' title='bbox 688 331 848 363; x_wconf 90' lang='lat' dir='ltr'>mundum.</span> 
     </span>
    </p>
   </div>
   <div class='ocr_carea' id='block_1_4' title="bbox 207 453 258 483">
    <p class='ocr_par' dir='ltr' id='par_1_4' title="bbox 207 453 258 483">
     <span class='ocr_line' id='line_1_10' title="bbox 207 453 258 483; baseline 0 0"><span class='ocrx_word' id='word_1_30' title='bbox 207 453 258 483; x_wconf 67' lang='lat'>11),</span> 
     </span>
    </p>
   </div>
   <div class='ocr_carea' id='block_1_5' title="bbox 204 714 258 746">
    <p class='ocr_par' dir='ltr' id='par_1_5' title="bbox 204 714 258 746">
     <span class='ocr_line' id='line_1_11' title="bbox 204 714 258 746; baseline 0 0"><span class='ocrx_word' id='word_1_31' title='bbox 204 714 258 746; x_wconf 93' lang='lat'>11.</span> 
     </span>
    </p>
   </div>
   <div class='ocr_carea' id='block_1_6' title="bbox 286 450 814 632">
    <p class='ocr_par' dir='ltr' id='par_1_6' title="bbox 286 450 769 540">
     <span class='ocr_line' id='line_1_12' title="bbox 286 450 769 491; baseline 0.002 -10"><span class='ocrx_word' id='word_1_32' title='bbox 286 450 345 490; x_wconf 81' lang='lat' dir='ltr'>Qui</span> <span class='ocrx_word' id='word_1_33' title='bbox 372 459 433 481; x_wconf 92' lang='lat' dir='ltr'>non</span> <span class='ocrx_word' id='word_1_34' title='bbox 462 451 568 481; x_wconf 82' lang='lat' dir='ltr'>volunt</span> <span class='ocrx_word' id='word_1_35' title='bbox 596 451 769 491; x_wconf 82' lang='lat' dir='ltr'>paenitere,</span> 
     </span>
     <span class='ocr_line' id='line_1_13' title="bbox 335 497 739 540; baseline 0.002 -11"><span class='ocrx_word' id='word_1_36' title='bbox 335 498 423 530; x_wconf 87' lang='lat' dir='ltr'>Sicut</span> <span class='ocrx_word' id='word_1_37' title='bbox 451 507 506 538; x_wconf 85' lang='lat' dir='ltr'>ego</span> <span class='ocrx_word' id='word_1_38' title='bbox 533 501 605 529; x_wconf 82' lang='lat' dir='ltr'>sunt</span> <span class='ocrx_word' id='word_1_39' title='bbox 632 497 739 540; x_wconf 84' lang='lat' dir='ltr'>futuri,</span> 
     </span>
    </p>

    <p class='ocr_par' dir='ltr' id='par_1_7' title="bbox 287 546 814 632">
     <span class='ocr_line' id='line_1_14' title="bbox 287 546 704 585; baseline 0 -8"><span class='ocrx_word' id='word_1_40' title='bbox 287 546 410 578; x_wconf 84' lang='lat' dir='ltr'>Debent</span> <span class='ocrx_word' id='word_1_41' title='bbox 439 546 550 577; x_wconf 90' lang='lat' dir='ltr'>merito</span> <span class='ocrx_word' id='word_1_42' title='bbox 578 546 704 585; x_wconf 87' lang='lat' dir='ltr'>terreri,</span> 
     </span>
     <span class='ocr_line' id='line_1_15' title="bbox 333 593 814 632; baseline 0 -8"><span class='ocrx_word' id='word_1_43' title='bbox 333 594 423 632; x_wconf 81' lang='lat' dir='ltr'>Quod</span> <span class='ocrx_word' id='word_1_44' title='bbox 433 594 479 624; x_wconf 85' lang='lat' dir='ltr'>sic</span> <span class='ocrx_word' id='word_1_45' title='bbox 489 598 692 632; x_wconf 85' lang='lat' dir='ltr'>sempersunt</span> <span class='ocrx_word' id='word_1_46' title='bbox 701 593 814 626; x_wconf 86' lang='lat' dir='ltr'>arsuri.</span> 
     </span>
    </p>
   </div>
   <div class='ocr_carea' id='block_1_7' title="bbox 284 713 814 896">
    <p class='ocr_par' dir='ltr' id='par_1_8' title="bbox 284 713 814 896">
     <span class='ocr_line' id='line_1_16' title="bbox 284 713 741 753; baseline 0.002 -10"><span class='ocrx_word' id='word_1_47' title='bbox 284 718 480 753; x_wconf 74' lang='lat' dir='ltr'>oportunum</span> <span class='ocrx_word' id='word_1_48' title='bbox 507 721 591 745; x_wconf 85' lang='lat' dir='ltr'>nune</span> <span class='ocrx_word' id='word_1_49' title='bbox 616 713 741 744; x_wconf 85' lang='lat' dir='ltr'>habetis</span> 
     </span>
     <span class='ocr_line' id='line_1_17' title="bbox 332 760 814 801; baseline -0.002 -10"><span class='ocrx_word' id='word_1_50' title='bbox 332 761 480 801; x_wconf 71' lang='lat' dir='ltr'>Tempus,</span> <span class='ocrx_word' id='word_1_51' title='bbox 497 764 605 800; x_wconf 84' lang='lat' dir='ltr'>aptum</span> <span class='ocrx_word' id='word_1_52' title='bbox 619 760 814 801; x_wconf 71' lang='lat' dir='ltr'>paenitendi,</span> 
     </span>
     <span class='ocr_line' id='line_1_18' title="bbox 286 809 672 849; baseline -0.003 -9"><span class='ocrx_word' id='word_1_53' title='bbox 286 809 432 849; x_wconf 66' lang='lat' dir='ltr'>Vigilate,</span> <span class='ocrx_word' id='word_1_54' title='bbox 461 818 500 840; x_wconf 92' lang='lat' dir='ltr'>ne</span> <span class='ocrx_word' id='word_1_55' title='bbox 526 809 672 847; x_wconf 78' lang='lat' dir='ltr'>tardetis,</span> 
     </span>
     <span class='ocr_line' id='line_1_19' title="bbox 331 855 813 896; baseline -0.002 -9"><span class='ocrx_word' id='word_1_56' title='bbox 331 856 379 887; x_wconf 88' lang='lat' dir='ltr'>Ne</span> <span class='ocrx_word' id='word_1_57' title='bbox 399 861 543 888; x_wconf 81' lang='lat' dir='ltr'>occurrat</span> <span class='ocrx_word' id='word_1_58' title='bbox 565 861 689 896; x_wconf 81' lang='lat' dir='ltr'>tempus</span> <span class='ocrx_word' id='word_1_59' title='bbox 707 855 813 887; x_wconf 91' lang='lat' dir='ltr'>flendi.</span> 
     </span>
    </p>
   </div>
   <div class='ocr_carea' id='block_1_8' title="bbox 284 974 822 1157">
    <p class='ocr_par' dir='ltr' id='par_1_9' title="bbox 284 974 814 1107">
     <span class='ocr_line' id='line_1_20' title="bbox 284 974 814 1014; baseline -0.002 -8"><span class='ocrx_word' id='word_1_60' title='bbox 284 977 383 1007; x_wconf 84' lang='lat' dir='ltr'>Nemo</span> <span class='ocrx_word' id='word_1_61' title='bbox 405 985 540 1014; x_wconf 83' lang='lat' dir='ltr'>unquam</span> <span class='ocrx_word' id='word_1_62' title='bbox 562 974 814 1014; x_wconf 78' lang='lat' dir='ltr'>comprehendit,</span> 
     </span>
     <span class='ocr_line' id='line_1_21' title="bbox 332 1024 777 1062; baseline -0.002 -8"><span class='ocrx_word' id='word_1_63' title='bbox 332 1024 455 1061; x_wconf 80' lang='lat' dir='ltr'>Quanta</span> <span class='ocrx_word' id='word_1_64' title='bbox 481 1024 586 1062; x_wconf 80' lang='lat' dir='ltr'>patiar</span> <span class='ocrx_word' id='word_1_65' title='bbox 610 1027 777 1061; x_wconf 75' lang='lat' dir='ltr'>tormenta,</span> 
     </span>
     <span class='ocr_line' id='line_1_22' title="bbox 284 1070 812 1107; baseline -0.002 -6"><span class='ocrx_word' id='word_1_66' title='bbox 284 1072 352 1102; x_wconf 71' lang='lat' dir='ltr'>Nec</span> <span class='ocrx_word' id='word_1_67' title='bbox 377 1071 407 1101; x_wconf 93' lang='lat' dir='ltr'>in</span> <span class='ocrx_word' id='word_1_68' title='bbox 432 1080 487 1102; x_wconf 84' lang='lat' dir='ltr'>cor</span> <span class='ocrx_word' id='word_1_69' title='bbox 505 1071 638 1102; x_wconf 87' lang='lat' dir='ltr'>hominis</span> <span class='ocrx_word' id='word_1_70' title='bbox 657 1070 812 1107; x_wconf 79' lang='lat' dir='ltr'>ascendit,</span> 
     </span>
    </p>

    <p class='ocr_par' dir='ltr' id='par_1_10' title="bbox 330 1118 822 1157">
     <span class='ocr_line' id='line_1_23' title="bbox 330 1118 822 1157; baseline 0.002 -8"><span class='ocrx_word' id='word_1_71' title='bbox 330 1118 822 1157; x_wconf 72' lang='lat' dir='ltr'>Quaemalamalissuntretenta.</span> 
     </span>
    </p>
   </div>
   <div class='ocr_carea' id='block_1_9' title="bbox 225 1237 735 1275">
    <p class='ocr_par' dir='ltr' id='par_1_11' title="bbox 225 1237 735 1275">
     <span class='ocr_line' id='line_1_24' title="bbox 225 1237 735 1275; baseline -0.004 -6"><span class='ocrx_word' id='word_1_72' title='bbox 225 1240 254 1269; x_wconf 63' lang='lat'>⁴3.</span> <span class='ocrx_word' id='word_1_73' title='bbox 282 1237 422 1269; x_wconf 81' lang='lat' dir='ltr'>Mundus</span> <span class='ocrx_word' id='word_1_74' title='bbox 449 1238 526 1268; x_wconf 90' lang='lat' dir='ltr'>mihi</span> <span class='ocrx_word' id='word_1_75' title='bbox 554 1238 735 1275; x_wconf 82' lang='lat' dir='ltr'>repromisit</span> 
     </span>
    </p>
   </div>
   <div class='ocr_carea' id='block_1_10' title="bbox 280 1285 812 1371">
    <p class='ocr_par' dir='ltr' id='par_1_12' title="bbox 280 1285 812 1371">
     <span class='ocr_line' id='line_1_25' title="bbox 328 1285 702 1323; baseline -0.003 -7"><span class='ocrx_word' id='word_1_76' title='bbox 328 1285 440 1316; x_wconf 85' lang='lat' dir='ltr'>Multis</span> <span class='ocrx_word' id='word_1_77' title='bbox 467 1286 558 1316; x_wconf 77' lang='lat' dir='ltr'>annis</span> <span class='ocrx_word' id='word_1_78' title='bbox 587 1285 702 1323; x_wconf 80' lang='lat' dir='ltr'>vivere,</span> 
     </span>
     <span class='ocr_line' id='line_1_26' title="bbox 280 1332 812 1371; baseline -0.002 -7"><span class='ocrx_word' id='word_1_79' title='bbox 280 1334 316 1364; x_wconf 83' lang='lat' dir='ltr'>ln</span> <span class='ocrx_word' id='word_1_80' title='bbox 343 1332 392 1362; x_wconf 81' lang='lat' dir='ltr'>his</span> <span class='ocrx_word' id='word_1_81' title='bbox 418 1332 584 1363; x_wconf 79' lang='lat' dir='ltr'>tormentis</span> <span class='ocrx_word' id='word_1_82' title='bbox 611 1341 660 1362; x_wconf 86' lang='lat' dir='ltr'>me</span> <span class='ocrx_word' id='word_1_83' title='bbox 686 1332 812 1371; x_wconf 78' lang='lat' dir='ltr'>collisit,</span> 
     </span>
    </p>
   </div>
   <div class='ocr_carea' id='block_1_11' title="bbox 892 452 944 484">
    <p class='ocr_par' dir='ltr' id='par_1_13' title="bbox 892 452 944 484">
     <span class='ocr_line' id='line_1_27' title="bbox 892 452 944 484; baseline 0.038 -2"><span class='ocrx_word' id='word_1_84' title='bbox 892 452 944 484; x_wconf 90' lang='grc'>16.</span> 
     </span>
    </p>
   </div>
   <div class='ocr_carea' id='block_1_12' title="bbox 890 975 943 1007">
    <p class='ocr_par' dir='ltr' id='par_1_14' title="bbox 890 975 943 1007">
     <span class='ocr_line' id='line_1_28' title="bbox 890 975 943 1007; baseline 0.019 -1"><span class='ocrx_word' id='word_1_85' title='bbox 890 975 943 1007; x_wconf 90' lang='grc'>18.</span> 
     </span>
    </p>
   </div>
   <div class='ocr_carea' id='block_1_13' title="bbox 888 1237 939 1269">
    <p class='ocr_par' dir='ltr' id='par_1_15' title="bbox 888 1237 939 1269">
     <span class='ocr_line' id='line_1_29' title="bbox 888 1237 939 1269; baseline 0 -1"><span class='ocrx_word' id='word_1_86' title='bbox 888 1237 939 1269; x_wconf 89' lang='grc'>19.</span> 
     </span>
    </p>
   </div>
   <div class='ocr_carea' id='block_1_14' title="bbox 970 449 1504 632">
    <p class='ocr_par' dir='ltr' id='par_1_16' title="bbox 970 449 1504 632">
     <span class='ocr_line' id='line_1_30' title="bbox 971 449 1504 488; baseline -0.004 -7"><span class='ocrx_word' id='word_1_87' title='bbox 971 449 1053 488; x_wconf 82' lang='lat' dir='ltr'>Heu,</span> <span class='ocrx_word' id='word_1_88' title='bbox 1084 450 1131 481; x_wconf 86' lang='lat' dir='ltr'>sic</span> <span class='ocrx_word' id='word_1_89' title='bbox 1156 451 1253 481; x_wconf 86' lang='lat' dir='ltr'>miser</span> <span class='ocrx_word' id='word_1_90' title='bbox 1278 458 1345 480; x_wconf 89' lang='lat' dir='ltr'>sum</span> <span class='ocrx_word' id='word_1_91' title='bbox 1375 449 1504 480; x_wconf 85' lang='lat' dir='ltr'>delusus</span> 
     </span>
     <span class='ocr_line' id='line_1_31' title="bbox 1019 497 1440 536; baseline -0.002 -7"><span class='ocrx_word' id='word_1_92' title='bbox 1019 498 1081 530; x_wconf 90' lang='lat' dir='ltr'>Per</span> <span class='ocrx_word' id='word_1_93' title='bbox 1105 507 1206 529; x_wconf 88' lang='lat' dir='ltr'>meam</span> <span class='ocrx_word' id='word_1_94' title='bbox 1234 497 1440 536; x_wconf 85' lang='lat' dir='ltr'>neglentiam‚</span> 
     </span>
     <span class='ocr_line' id='line_1_32' title="bbox 970 544 1465 577; baseline -0.004 -1"><span class='ocrx_word' id='word_1_95' title='bbox 970 545 1008 576; x_wconf 91' lang='lat' dir='ltr'>In</span> <span class='ocrx_word' id='word_1_96' title='bbox 1033 544 1192 577; x_wconf 86' lang='lat' dir='ltr'>infernum</span> <span class='ocrx_word' id='word_1_97' title='bbox 1219 553 1288 577; x_wconf 88' lang='lat' dir='ltr'>sum</span> <span class='ocrx_word' id='word_1_98' title='bbox 1315 545 1465 576; x_wconf 85' lang='lat' dir='ltr'>detrusus</span> 
     </span>
     <span class='ocr_line' id='line_1_33' title="bbox 1017 593 1451 632; baseline -0.002 -8"><span class='ocrx_word' id='word_1_99' title='bbox 1017 593 1136 624; x_wconf 82' lang='lat' dir='ltr'>Iustam</span> <span class='ocrx_word' id='word_1_100' title='bbox 1163 602 1222 632; x_wconf 89' lang='lat' dir='ltr'>per</span> <span class='ocrx_word' id='word_1_101' title='bbox 1247 593 1451 631; x_wconf 85' lang='lat' dir='ltr'>sententiam,</span> 
     </span>
    </p>
   </div>
   <div class='ocr_carea' id='block_1_15' title="bbox 937 711 1506 751">
    <p class='ocr_par' dir='ltr' id='par_1_17' title="bbox 937 711 1506 751">
     <span class='ocr_line' id='line_1_34' title="bbox 937 711 1506 751; baseline -0.002 -8"><span class='ocrx_word' id='word_1_102' title='bbox 937 739 944 747; x_wconf 81' lang='grc'><em>,</em></span> <span class='ocrx_word' id='word_1_103' title='bbox 971 713 1057 751; x_wconf 86' lang='lat' dir='ltr'>Quae</span> <span class='ocrx_word' id='word_1_104' title='bbox 1084 711 1273 744; x_wconf 80' lang='lat' dir='ltr'>damnandis</span> <span class='ocrx_word' id='word_1_105' title='bbox 1296 716 1344 742; x_wconf 88' lang='lat' dir='ltr'>est</span> <span class='ocrx_word' id='word_1_106' title='bbox 1364 711 1506 742; x_wconf 81' lang='lat' dir='ltr'>dicenda</span> 
     </span>
    </p>
   </div>
   <div class='ocr_carea' id='block_1_16' title="bbox 970 759 1502 894">
    <p class='ocr_par' dir='ltr' id='par_1_18' title="bbox 970 759 1502 894">
     <span class='ocr_line' id='line_1_35' title="bbox 1016 759 1440 799; baseline 0.002 -9"><span class='ocrx_word' id='word_1_107' title='bbox 1016 759 1136 799; x_wconf 77' lang='lat' dir='ltr'>Magna</span> <span class='ocrx_word' id='word_1_108' title='bbox 1162 768 1229 790; x_wconf 83' lang='lat' dir='ltr'>cum</span> <span class='ocrx_word' id='word_1_109' title='bbox 1257 759 1440 798; x_wconf 76' lang='lat' dir='ltr'>severitate,</span> 
     </span>
     <span class='ocr_line' id='line_1_36' title="bbox 970 806 1502 848; baseline -0.002 -10"><span class='ocrx_word' id='word_1_110' title='bbox 970 810 1058 847; x_wconf 81' lang='lat' dir='ltr'>Quae</span> <span class='ocrx_word' id='word_1_111' title='bbox 1072 815 1131 838; x_wconf 83' lang='lat' dir='ltr'>vox</span> <span class='ocrx_word' id='word_1_112' title='bbox 1147 808 1279 838; x_wconf 84' lang='lat' dir='ltr'>multum</span> <span class='ocrx_word' id='word_1_113' title='bbox 1294 806 1502 848; x_wconf 82' lang='lat' dir='ltr'>esttimenda,</span> 
     </span>
     <span class='ocr_line' id='line_1_37' title="bbox 1016 854 1492 894; baseline 0 -8"><span class='ocrx_word' id='word_1_114' title='bbox 1016 854 1080 886; x_wconf 90' lang='lat' dir='ltr'>Vos</span> <span class='ocrx_word' id='word_1_115' title='bbox 1107 856 1148 886; x_wconf 90' lang='lat' dir='ltr'>ad</span> <span class='ocrx_word' id='word_1_116' title='bbox 1173 855 1261 886; x_wconf 83' lang='lat' dir='ltr'>illam</span> <span class='ocrx_word' id='word_1_117' title='bbox 1288 857 1492 894; x_wconf 81' lang='lat' dir='ltr'>praeparate.</span> 
     </span>
    </p>
   </div>
   <div class='ocr_carea' id='block_1_17' title="bbox 968 973 1503 1157">
    <p class='ocr_par' dir='ltr' id='par_1_19' title="bbox 968 973 1503 1157">
     <span class='ocr_line' id='line_1_38' title="bbox 973 973 1343 1013; baseline 0 -9"><span class='ocrx_word' id='word_1_118' title='bbox 973 974 1128 1005; x_wconf 89' lang='lat' dir='ltr'>Vitiorum</span> <span class='ocrx_word' id='word_1_119' title='bbox 1154 973 1200 1005; x_wconf 88' lang='lat' dir='ltr'>fui</span> <span class='ocrx_word' id='word_1_120' title='bbox 1229 973 1343 1013; x_wconf 71' lang='lat' dir='ltr'>cultor,</span> 
     </span>
     <span class='ocr_line' id='line_1_39' title="bbox 1019 1020 1502 1060; baseline 0 -8"><span class='ocrx_word' id='word_1_121' title='bbox 1019 1021 1067 1052; x_wconf 90' lang='lat' dir='ltr'>De</span> <span class='ocrx_word' id='word_1_122' title='bbox 1094 1021 1183 1053; x_wconf 92' lang='lat' dir='ltr'>bonis</span> <span class='ocrx_word' id='word_1_123' title='bbox 1209 1021 1297 1053; x_wconf 82' lang='lat' dir='ltr'>nulla</span> <span class='ocrx_word' id='word_1_124' title='bbox 1324 1020 1383 1052; x_wconf 91' lang='lat' dir='ltr'>fuit</span> <span class='ocrx_word' id='word_1_125' title='bbox 1417 1030 1502 1060; x_wconf 85' lang='lat' dir='ltr'>cura,</span> 
     </span>
     <span class='ocr_line' id='line_1_40' title="bbox 968 1069 1468 1102; baseline -0.004 -1"><span class='ocrx_word' id='word_1_126' title='bbox 968 1069 1126 1102; x_wconf 85' lang='lat' dir='ltr'>Reddidit</span> <span class='ocrx_word' id='word_1_127' title='bbox 1150 1069 1228 1101; x_wconf 90' lang='lat' dir='ltr'>mihi</span> <span class='ocrx_word' id='word_1_128' title='bbox 1254 1069 1356 1100; x_wconf 86' lang='lat' dir='ltr'>iustus</span> <span class='ocrx_word' id='word_1_129' title='bbox 1382 1070 1468 1100; x_wconf 88' lang='lat' dir='ltr'>ultor</span> 
     </span>
     <span class='ocr_line' id='line_1_41' title="bbox 1015 1117 1503 1157; baseline 0.004 -9"><span class='ocrx_word' id='word_1_130' title='bbox 1015 1117 1120 1149; x_wconf 88' lang='lat' dir='ltr'>Multo</span> <span class='ocrx_word' id='word_1_131' title='bbox 1131 1118 1203 1157; x_wconf 88' lang='lat' dir='ltr'>plus</span> <span class='ocrx_word' id='word_1_132' title='bbox 1213 1126 1307 1156; x_wconf 79' lang='lat' dir='ltr'>quam</span> <span class='ocrx_word' id='word_1_133' title='bbox 1321 1126 1390 1148; x_wconf 92' lang='lat' dir='ltr'>cum</span> <span class='ocrx_word' id='word_1_134' title='bbox 1397 1126 1503 1150; x_wconf 80' lang='lat' dir='ltr'>usura.</span> 
     </span>
    </p>
   </div>
   <div class='ocr_carea' id='block_1_18' title="bbox 967 1236 1500 1372">
    <p class='ocr_par' dir='ltr' id='par_1_20' title="bbox 967 1236 1500 1372">
     <span class='ocr_line' id='line_1_42' title="bbox 968 1236 1435 1276; baseline 0 -8"><span class='ocrx_word' id='word_1_135' title='bbox 968 1236 1133 1276; x_wconf 85' lang='lat' dir='ltr'>Nigriores</span> <span class='ocrx_word' id='word_1_136' title='bbox 1159 1245 1251 1276; x_wconf 89' lang='lat' dir='ltr'>quam</span> <span class='ocrx_word' id='word_1_137' title='bbox 1279 1236 1435 1268; x_wconf 85' lang='lat' dir='ltr'>carbones</span> 
     </span>
     <span class='ocr_line' id='line_1_43' title="bbox 1014 1284 1500 1325; baseline 0.002 -11"><span class='ocrx_word' id='word_1_138' title='bbox 1014 1284 1094 1315; x_wconf 86' lang='lat' dir='ltr'>Sunt</span> <span class='ocrx_word' id='word_1_139' title='bbox 1119 1285 1173 1314; x_wconf 83' lang='lat' dir='ltr'>isti</span> <span class='ocrx_word' id='word_1_140' title='bbox 1200 1284 1330 1324; x_wconf 83' lang='lat' dir='ltr'>pessimi</span> <span class='ocrx_word' id='word_1_141' title='bbox 1349 1288 1500 1325; x_wconf 86' lang='lat' dir='ltr'>tortores,</span> 
     </span>
     <span class='ocr_line' id='line_1_44' title="bbox 967 1332 1473 1372; baseline 0 -9"><span class='ocrx_word' id='word_1_142' title='bbox 967 1332 1156 1363; x_wconf 81' lang='lat' dir='ltr'>Animarum</span> <span class='ocrx_word' id='word_1_143' title='bbox 1182 1334 1254 1362; x_wconf 88' lang='lat' dir='ltr'>sunt</span> <span class='ocrx_word' id='word_1_144' title='bbox 1280 1333 1473 1372; x_wconf 77' lang='lat' dir='ltr'>praedones,</span> 
     </span>
    </p>
   </div>
   <div class='ocr_carea' id='block_1_19' title="bbox 328 1379 1502 1418">
    <p class='ocr_par' dir='ltr' id='par_1_21' title="bbox 328 1379 1502 1418">
     <span class='ocr_line' id='line_1_45' title="bbox 328 1379 1502 1418; baseline 0 -8"><span class='ocrx_word' id='word_1_145' title='bbox 328 1380 379 1410; x_wconf 86' lang='lat' dir='ltr'>Sic</span> <span class='ocrx_word' id='word_1_146' title='bbox 405 1380 486 1410; x_wconf 83' lang='lat' dir='ltr'>solet</span> <span class='ocrx_word' id='word_1_147' title='bbox 512 1379 699 1410; x_wconf 82' lang='lat' dir='ltr'>retribuere.</span> <span class='ocrx_word' id='word_1_148' title='bbox 1014 1379 1072 1418; x_wconf 87' lang='lat' dir='ltr'>Qui</span> <span class='ocrx_word' id='word_1_149' title='bbox 1087 1388 1143 1410; x_wconf 91' lang='lat' dir='ltr'>nos</span> <span class='ocrx_word' id='word_1_150' title='bbox 1159 1379 1277 1410; x_wconf 90' lang='lat' dir='ltr'>ducunt</span> <span class='ocrx_word' id='word_1_151' title='bbox 1292 1379 1324 1410; x_wconf 89' lang='lat' dir='ltr'>in</span> <span class='ocrx_word' id='word_1_152' title='bbox 1341 1379 1502 1414; x_wconf 80' lang='lat' dir='ltr'>horrores.</span> 
     </span>
    </p>
   </div>
   <div class='ocr_carea' id='block_1_20' title="bbox 199 1492 936 1627">
    <p class='ocr_par' dir='ltr' id='par_1_22' title="bbox 199 1492 936 1627">
     <span class='ocr_line' id='line_1_46' title="bbox 199 1492 936 1525; baseline 0 0"><span class='ocrx_word' id='word_1_153' title='bbox 199 1495 250 1525; x_wconf 78' lang='lat'>14.</span> <span class='ocrx_word' id='word_1_154' title='bbox 278 1493 400 1525; x_wconf 84' lang='lat' dir='ltr'>Multos</span> <span class='ocrx_word' id='word_1_155' title='bbox 425 1494 506 1524; x_wconf 86' lang='lat' dir='ltr'>male</span> <span class='ocrx_word' id='word_1_156' title='bbox 533 1493 578 1524; x_wconf 78' lang='lat' dir='ltr'>sie</span> <span class='ocrx_word' id='word_1_157' title='bbox 604 1492 719 1523; x_wconf 51' lang='lat' dir='ltr'>fefellit¹</span> <span class='ocrx_word' id='word_1_158' title='bbox 884 1494 936 1525; x_wconf 86' lang='lat'>20.</span> 
     </span>
     <span class='ocr_line' id='line_1_47' title="bbox 327 1540 623 1572; baseline -0.003 -1"><span class='ocrx_word' id='word_1_159' title='bbox 327 1541 432 1571; x_wconf 85' lang='lat' dir='ltr'>Variis</span> <span class='ocrx_word' id='word_1_160' title='bbox 459 1540 623 1572; x_wconf 82' lang='lat' dir='ltr'>conatibus</span> 
     </span>
     <span class='ocr_line' id='line_1_48' title="bbox 279 1588 771 1627; baseline -0.002 -7"><span class='ocrx_word' id='word_1_161' title='bbox 279 1589 320 1620; x_wconf 82' lang='lat' dir='ltr'>Et</span> <span class='ocrx_word' id='word_1_162' title='bbox 348 1588 379 1618; x_wconf 91' lang='lat' dir='ltr'>in</span> <span class='ocrx_word' id='word_1_163' title='bbox 406 1593 539 1619; x_wconf 85' lang='lat' dir='ltr'>mortem</span> <span class='ocrx_word' id='word_1_164' title='bbox 565 1588 610 1618; x_wconf 85' lang='lat' dir='ltr'>sic</span> <span class='ocrx_word' id='word_1_165' title='bbox 636 1589 771 1627; x_wconf 76' lang='lat' dir='ltr'>impellit</span> 
     </span>
    </p>
   </div>
   <div class='ocr_carea' id='block_1_21' title="bbox 328 1636 714 1668">
    <p class='ocr_par' dir='ltr' id='par_1_23' title="bbox 328 1636 714 1668">
     <span class='ocr_line' id='line_1_49' title="bbox 328 1636 714 1668; baseline 0.003 -2"><span class='ocrx_word' id='word_1_166' title='bbox 328 1636 440 1666; x_wconf 85' lang='lat' dir='ltr'>Multis</span> <span class='ocrx_word' id='word_1_167' title='bbox 468 1645 537 1667; x_wconf 86' lang='lat' dir='ltr'>cum</span> <span class='ocrx_word' id='word_1_168' title='bbox 563 1636 714 1668; x_wconf 79' lang='lat' dir='ltr'>reatibuS.</span> 
     </span>
    </p>
   </div>
   <div class='ocr_carea' id='block_1_22' title="bbox 966 1493 1501 1676">
    <p class='ocr_par' dir='ltr' id='par_1_24' title="bbox 966 1493 1501 1628">
     <span class='ocr_line' id='line_1_50' title="bbox 966 1493 1500 1532; baseline -0.002 -7"><span class='ocrx_word' id='word_1_169' title='bbox 966 1493 1078 1525; x_wconf 88' lang='lat' dir='ltr'>Nonne</span> <span class='ocrx_word' id='word_1_170' title='bbox 1105 1494 1204 1532; x_wconf 72' lang='lat' dir='ltr'>vides,</span> <span class='ocrx_word' id='word_1_171' title='bbox 1232 1502 1325 1532; x_wconf 81' lang='lat' dir='ltr'>quam</span> <span class='ocrx_word' id='word_1_172' title='bbox 1345 1493 1500 1526; x_wconf 81' lang='lat' dir='ltr'>deformis</span> 
     </span>
     <span class='ocr_line' id='line_1_51' title="bbox 1014 1540 1418 1580; baseline 0.002 -9"><span class='ocrx_word' id='word_1_173' title='bbox 1014 1540 1088 1571; x_wconf 88' lang='lat' dir='ltr'>Sum</span> <span class='ocrx_word' id='word_1_174' title='bbox 1115 1551 1174 1580; x_wconf 90' lang='lat' dir='ltr'>per</span> <span class='ocrx_word' id='word_1_175' title='bbox 1199 1541 1418 1580; x_wconf 59' lang='lat' dir='ltr'>neglentiam?</span> 
     </span>
     <span class='ocr_line' id='line_1_52' title="bbox 966 1588 1501 1628; baseline 0.002 -8"><span class='ocrx_word' id='word_1_176' title='bbox 966 1588 1069 1620; x_wconf 86' lang='lat' dir='ltr'>Miser</span> <span class='ocrx_word' id='word_1_177' title='bbox 1086 1589 1189 1628; x_wconf 84' lang='lat' dir='ltr'>homo,</span> <span class='ocrx_word' id='word_1_178' title='bbox 1217 1597 1273 1620; x_wconf 88' lang='lat' dir='ltr'>cur</span> <span class='ocrx_word' id='word_1_179' title='bbox 1290 1591 1336 1620; x_wconf 89' lang='lat' dir='ltr'>sic</span> <span class='ocrx_word' id='word_1_180' title='bbox 1356 1589 1501 1622; x_wconf 79' lang='lat' dir='ltr'>dormis?</span> 
     </span>
    </p>

    <p class='ocr_par' dir='ltr' id='par_1_25' title="bbox 1014 1637 1353 1676">
     <span class='ocr_line' id='line_1_53' title="bbox 1014 1637 1353 1676; baseline 0.003 -9"><span class='ocrx_word' id='word_1_181' title='bbox 1014 1637 1082 1676; x_wconf 83' lang='lat' dir='ltr'>Age</span> <span class='ocrx_word' id='word_1_182' title='bbox 1109 1637 1353 1676; x_wconf 80' lang='lat' dir='ltr'>paenitentiam!</span> 
     </span>
    </p>
   </div>
   <div class='ocr_carea' id='block_1_23' title="bbox 466 1750 1160 1927">
    <p class='ocr_par' dir='ltr' id='par_1_26' title="bbox 466 1750 1160 1927">
     <span class='ocr_line' id='line_1_54' title="bbox 466 1750 1126 1791; baseline -0.002 -8"><span class='ocrx_word' id='word_1_183' title='bbox 466 1753 520 1784; x_wconf 85' lang='lat'>21.</span> <span class='ocrx_word' id='word_1_184' title='bbox 550 1750 665 1781; x_wconf 71' lang='lat' dir='ltr'>Veraci</span> <span class='ocrx_word' id='word_1_185' title='bbox 692 1750 835 1782; x_wconf 83' lang='lat' dir='ltr'>flammae</span> <span class='ocrx_word' id='word_1_186' title='bbox 855 1750 901 1781; x_wconf 87' lang='lat' dir='ltr'>sic</span> <span class='ocrx_word' id='word_1_187' title='bbox 927 1760 995 1782; x_wconf 90' lang='lat' dir='ltr'>sum</span> <span class='ocrx_word' id='word_1_188' title='bbox 1023 1751 1126 1791; x_wconf 83' lang='lat' dir='ltr'>datus,</span> 
     </span>
     <span class='ocr_line' id='line_1_55' title="bbox 596 1797 1160 1838; baseline 0.002 -9"><span class='ocrx_word' id='word_1_189' title='bbox 596 1798 676 1836; x_wconf 77' lang='lat' dir='ltr'>Heu,</span> <span class='ocrx_word' id='word_1_190' title='bbox 704 1797 788 1838; x_wconf 90' lang='lat' dir='ltr'>quod</span> <span class='ocrx_word' id='word_1_191' title='bbox 813 1807 950 1837; x_wconf 79' lang='lat' dir='ltr'>unquam</span> <span class='ocrx_word' id='word_1_192' title='bbox 978 1798 1022 1830; x_wconf 88' lang='lat' dir='ltr'>fui</span> <span class='ocrx_word' id='word_1_193' title='bbox 1048 1801 1160 1830; x_wconf 82' lang='lat' dir='ltr'>natus!</span> 
     </span>
     <span class='ocr_line' id='line_1_56' title="bbox 552 1846 952 1885; baseline 0.005 -9"><span class='ocrx_word' id='word_1_194' title='bbox 552 1846 688 1885; x_wconf 85' lang='lat' dir='ltr'>Propter</span> <span class='ocrx_word' id='word_1_195' title='bbox 714 1846 819 1878; x_wconf 88' lang='lat' dir='ltr'>varios</span> <span class='ocrx_word' id='word_1_196' title='bbox 845 1850 952 1878; x_wconf 85' lang='lat' dir='ltr'>reatus</span> 
     </span>
     <span class='ocr_line' id='line_1_57' title="bbox 597 1894 1058 1927; baseline 0.004 -2"><span class='ocrx_word' id='word_1_197' title='bbox 597 1894 670 1925; x_wconf 87' lang='lat' dir='ltr'>Sine</span> <span class='ocrx_word' id='word_1_198' title='bbox 696 1894 758 1926; x_wconf 90' lang='lat' dir='ltr'>fine</span> <span class='ocrx_word' id='word_1_199' title='bbox 784 1902 852 1924; x_wconf 89' lang='lat' dir='ltr'>sum</span> <span class='ocrx_word' id='word_1_200' title='bbox 880 1894 1058 1927; x_wconf 87' lang='lat' dir='ltr'>damnatus.</span> 
     </span>
    </p>
   </div>
   <div class='ocr_carea' id='block_1_24' title="bbox 179 2005 1502 2421">
    <p class='ocr_par' dir='ltr' id='par_1_27' title="bbox 183 2005 1501 2120">
     <span class='ocr_line' id='line_1_58' title="bbox 261 2005 1501 2038; baseline 0 -3"><span class='ocrx_word' id='word_1_201' title='bbox 261 2009 380 2035; x_wconf 71' lang='lat' dir='ltr'>Collect.</span> <span class='ocrx_word' id='word_1_202' title='bbox 408 2018 459 2034; x_wconf 74' lang='lat' dir='ltr'>ms.</span> <span class='ocrx_word' id='word_1_203' title='bbox 486 2007 683 2034; x_wconf 75' lang='lat' dir='ltr'>Altovadense</span> <span class='ocrx_word' id='word_1_204' title='bbox 711 2016 785 2034; x_wconf 82' lang='lat' dir='ltr'>saec.</span> <span class='ocrx_word' id='word_1_205' title='bbox 813 2005 857 2033; x_wconf 87' lang='grc'><strong>15.</strong></span> <span class='ocrx_word' id='word_1_206' title='bbox 904 2007 973 2034; x_wconf 81' lang='lat' dir='ltr'>Cod.</span> <span class='ocrx_word' id='word_1_207' title='bbox 1001 2007 1174 2035; x_wconf 84' lang='lat' dir='ltr'>Altovaden.</span> <span class='ocrx_word' id='word_1_208' title='bbox 1195 2007 1241 2035; x_wconf 79' lang='lat'>97.</span> <span class='ocrx_word' id='word_1_209' title='bbox 1264 2010 1297 2035; x_wconf 81' lang='lat' dir='ltr'>A.</span> <span class='ocrx_word' id='word_1_210' title='bbox 1319 2025 1356 2028; x_wconf 89' lang='lat'><strong>—</strong></span> <span class='ocrx_word' id='word_1_211' title='bbox 1379 2010 1501 2038; x_wconf 84' lang='lat' dir='ltr'>Colleet.</span> 
     </span>
     <span class='ocr_line' id='line_1_59' title="bbox 184 2044 1501 2076; baseline 0.002 -4"><span class='ocrx_word' id='word_1_212' title='bbox 184 2057 234 2072; x_wconf 55' lang='lat' dir='ltr'>ms.</span> <span class='ocrx_word' id='word_1_213' title='bbox 251 2046 474 2073; x_wconf 64' lang='lat' dir='ltr'>[nderdorfonse</span> <span class='ocrx_word' id='word_1_214' title='bbox 496 2054 571 2073; x_wconf 79' lang='lat' dir='ltr'>saec.</span> <span class='ocrx_word' id='word_1_215' title='bbox 597 2044 638 2072; x_wconf 80' lang='lat'>15.</span> <span class='ocrx_word' id='word_1_216' title='bbox 662 2046 734 2072; x_wconf 85' lang='lat' dir='ltr'>Clm.</span> <span class='ocrx_word' id='word_1_217' title='bbox 749 2046 901 2073; x_wconf 81' lang='lat' dir='ltr'>Monacen.</span> <span class='ocrx_word' id='word_1_218' title='bbox 924 2044 1006 2074; x_wconf 81' lang='lat'>7660.</span> <span class='ocrx_word' id='word_1_219' title='bbox 1027 2046 1060 2072; x_wconf 93' lang='grc' dir='ltr'>Β.</span> <span class='ocrx_word' id='word_1_220' title='bbox 1083 2062 1118 2066; x_wconf 88' lang='lat'>—</span> <span class='ocrx_word' id='word_1_221' title='bbox 1140 2047 1261 2075; x_wconf 78' lang='lat' dir='ltr'>collect.</span> <span class='ocrx_word' id='word_1_222' title='bbox 1277 2056 1329 2074; x_wconf 88' lang='lat' dir='ltr'>ms.</span> <span class='ocrx_word' id='word_1_223' title='bbox 1347 2048 1375 2076; x_wconf 88' lang='lat' dir='ltr'>S.</span> <span class='ocrx_word' id='word_1_224' title='bbox 1391 2049 1501 2076; x_wconf 85' lang='lat' dir='ltr'>Albani</span> 
     </span>
     <span class='ocr_line' id='line_1_60' title="bbox 183 2082 1111 2120; baseline -0.001 -9"><span class='ocrx_word' id='word_1_225' title='bbox 183 2086 333 2112; x_wconf 65' lang='lat' dir='ltr'>Trwiren.</span> <span class='ocrx_word' id='word_1_226' title='bbox 355 2093 421 2111; x_wconf 65' lang='lat' dir='ltr'>saec</span> <span class='ocrx_word' id='word_1_227' title='bbox 445 2083 487 2110; x_wconf 84' lang='lat'>15.</span> <span class='ocrx_word' id='word_1_228' title='bbox 510 2082 552 2120; x_wconf 79' lang='lat' dir='ltr'>[et</span> <span class='ocrx_word' id='word_1_229' title='bbox 575 2082 631 2119; x_wconf 89' lang='lat'>16].</span> <span class='ocrx_word' id='word_1_230' title='bbox 672 2085 742 2111; x_wconf 88' lang='lat' dir='ltr'>Cod.</span> <span class='ocrx_word' id='word_1_231' title='bbox 763 2084 912 2111; x_wconf 85' lang='lat' dir='ltr'>Treviren.</span> <span class='ocrx_word' id='word_1_232' title='bbox 934 2083 998 2112; x_wconf 78' lang='grc'><strong>228.</strong></span> <span class='ocrx_word' id='word_1_233' title='bbox 1022 2085 1053 2112; x_wconf 89' lang='lat' dir='ltr'>C.</span> <span class='ocrx_word' id='word_1_234' title='bbox 1073 2099 1111 2102; x_wconf 89' lang='lat'><em>—</em></span> 
     </span>
    </p>

    <p class='ocr_par' dir='ltr' id='par_1_28' title="bbox 179 2121 1502 2421">
     <span class='ocr_line' id='line_1_61' title="bbox 257 2121 1500 2157; baseline 0.003 -10"><span class='ocrx_word' id='word_1_235' title='bbox 257 2123 289 2155; x_wconf 72' lang='lat'>3,</span> <span class='ocrx_word' id='word_1_236' title='bbox 317 2122 335 2150; x_wconf 88' lang='grc'><strong>3</strong></span> <span class='ocrx_word' id='word_1_237' title='bbox 361 2124 445 2149; x_wconf 88' lang='lat' dir='ltr'>Nune</span> <span class='ocrx_word' id='word_1_238' title='bbox 477 2132 539 2149; x_wconf 92' lang='lat' dir='ltr'>sum</span> <span class='ocrx_word' id='word_1_239' title='bbox 562 2123 621 2149; x_wconf 91' lang='lat' dir='ltr'>AB.</span> <span class='ocrx_word' id='word_1_240' title='bbox 643 2138 680 2142; x_wconf 79' lang='lat'><strong>—</strong></span> <span class='ocrx_word' id='word_1_241' title='bbox 701 2121 734 2156; x_wconf 88' lang='lat'>4,</span> <span class='ocrx_word' id='word_1_242' title='bbox 756 2122 769 2149; x_wconf 93' lang='lat'>1</span> <span class='ocrx_word' id='word_1_243' title='bbox 792 2122 868 2154; x_wconf 81' lang='lat' dir='ltr'>Heu,</span> <span class='ocrx_word' id='word_1_244' title='bbox 891 2132 935 2150; x_wconf 86' lang='lat' dir='ltr'>me</span> <span class='ocrx_word' id='word_1_245' title='bbox 956 2131 1034 2151; x_wconf 88' lang='lat' dir='ltr'>mors</span> <span class='ocrx_word' id='word_1_246' title='bbox 1055 2132 1142 2150; x_wconf 87' lang='lat' dir='ltr'>nunc.</span> <span class='ocrx_word' id='word_1_247' title='bbox 1162 2125 1199 2157; x_wconf 66' lang='lat' dir='ltr'>B3</span> <span class='ocrx_word' id='word_1_248' title='bbox 1224 2124 1298 2156; x_wconf 76' lang='lat' dir='ltr'>Heu,</span> <span class='ocrx_word' id='word_1_249' title='bbox 1323 2133 1402 2152; x_wconf 87' lang='lat' dir='ltr'>nunc</span> <span class='ocrx_word' id='word_1_250' title='bbox 1423 2133 1500 2152; x_wconf 85' lang='lat' dir='ltr'>mors</span> 
     </span>
     <span class='ocr_line' id='line_1_62' title="bbox 182 2159 1501 2199; baseline 0.003 -12"><span class='ocrx_word' id='word_1_251' title='bbox 182 2172 227 2189; x_wconf 84' lang='lat' dir='ltr'>me</span> <span class='ocrx_word' id='word_1_252' title='bbox 248 2163 280 2188; x_wconf 88' lang='lat' dir='ltr'>C.</span> <span class='ocrx_word' id='word_1_253' title='bbox 302 2175 337 2180; x_wconf 86' lang='lat'>—-</span> <span class='ocrx_word' id='word_1_254' title='bbox 359 2159 390 2194; x_wconf 84' lang='lat'>6,</span> <span class='ocrx_word' id='word_1_255' title='bbox 413 2160 430 2187; x_wconf 81' lang='lat'><strong>2</strong></span> <span class='ocrx_word' id='word_1_256' title='bbox 451 2161 575 2196; x_wconf 84' lang='lat' dir='ltr'>gloriam</span> <span class='ocrx_word' id='word_1_257' title='bbox 596 2170 710 2196; x_wconf 87' lang='lat' dir='ltr'>semper</span> <span class='ocrx_word' id='word_1_258' title='bbox 731 2162 827 2187; x_wconf 83' lang='lat' dir='ltr'>amavi</span> <span class='ocrx_word' id='word_1_259' title='bbox 849 2161 933 2188; x_wconf 82' lang='lat' dir='ltr'>ABC.</span> <span class='ocrx_word' id='word_1_260' title='bbox 955 2176 991 2180; x_wconf 94' lang='lat'>—</span> <span class='ocrx_word' id='word_1_261' title='bbox 1012 2159 1044 2194; x_wconf 89' lang='grc'>6,</span> <span class='ocrx_word' id='word_1_262' title='bbox 1064 2160 1083 2188; x_wconf 90' lang='grc'>4</span> <span class='ocrx_word' id='word_1_263' title='bbox 1105 2162 1180 2195; x_wconf 87' lang='lat' dir='ltr'>Scio,</span> <span class='ocrx_word' id='word_1_264' title='bbox 1202 2163 1287 2194; x_wconf 82' lang='lat' dir='ltr'>novi,</span> <span class='ocrx_word' id='word_1_265' title='bbox 1308 2163 1387 2199; x_wconf 88' lang='lat' dir='ltr'>quod</span> <span class='ocrx_word' id='word_1_266' title='bbox 1408 2165 1442 2191; x_wconf 78' lang='lat' dir='ltr'>A.</span> <span class='ocrx_word' id='word_1_267' title='bbox 1463 2177 1501 2181; x_wconf 96' lang='lat'><strong>—</strong></span> 
     </span>
     <span class='ocr_line' id='line_1_63' title="bbox 181 2198 1500 2238; baseline 0.002 -12"><span class='ocrx_word' id='word_1_268' title='bbox 181 2199 207 2231; x_wconf 78' lang='lat'>7,</span> <span class='ocrx_word' id='word_1_269' title='bbox 228 2198 245 2226; x_wconf 84' lang='lat'><strong>2</strong></span> <span class='ocrx_word' id='word_1_270' title='bbox 262 2202 383 2234; x_wconf 72' lang='lat' dir='ltr'>Semper</span> <span class='ocrx_word' id='word_1_271' title='bbox 404 2201 465 2226; x_wconf 80' lang='lat' dir='ltr'>vixi</span> <span class='ocrx_word' id='word_1_272' title='bbox 488 2201 545 2229; x_wconf 86' lang='grc' dir='ltr'>ΑΒ,</span> <span class='ocrx_word' id='word_1_273' title='bbox 571 2214 606 2217; x_wconf 89' lang='lat'><em>-</em></span> <span class='ocrx_word' id='word_1_274' title='bbox 627 2198 653 2230; x_wconf 79' lang='lat'>8.</span> <span class='ocrx_word' id='word_1_275' title='bbox 675 2199 692 2225; x_wconf 77' lang='lat'>3</span> <span class='ocrx_word' id='word_1_276' title='bbox 714 2207 807 2226; x_wconf 84' lang='lat' dir='ltr'>vanus</span> <span class='ocrx_word' id='word_1_277' title='bbox 829 2198 901 2226; x_wconf 80' lang='lat' dir='ltr'>fehlt</span> <span class='ocrx_word' id='word_1_278' title='bbox 914 2200 954 2233; x_wconf 67' lang='grc' dir='ltr'>Α,</span> <span class='ocrx_word' id='word_1_279' title='bbox 975 2201 1060 2235; x_wconf 86' lang='lat' dir='ltr'>vagis</span> <span class='ocrx_word' id='word_1_280' title='bbox 1075 2201 1114 2233; x_wconf 85' lang='grc' dir='ltr'>Α;</span> <span class='ocrx_word' id='word_1_281' title='bbox 1137 2201 1222 2237; x_wconf 82' lang='lat' dir='ltr'>fagus</span> <span class='ocrx_word' id='word_1_282' title='bbox 1237 2200 1274 2234; x_wconf 80' lang='lat' dir='ltr'>C3</span> <span class='ocrx_word' id='word_1_283' title='bbox 1296 2210 1392 2228; x_wconf 85' lang='lat' dir='ltr'>vanus</span> <span class='ocrx_word' id='word_1_284' title='bbox 1406 2210 1500 2238; x_wconf 77' lang='lat' dir='ltr'>vagus</span> 
     </span>
     <span class='ocr_line' id='line_1_64' title="bbox 180 2236 1502 2276; baseline 0.002 -10"><span class='ocrx_word' id='word_1_285' title='bbox 180 2240 212 2266; x_wconf 88' lang='lat' dir='ltr'>B.</span> <span class='ocrx_word' id='word_1_286' title='bbox 234 2253 270 2256; x_wconf 85' lang='lat'>——</span> <span class='ocrx_word' id='word_1_287' title='bbox 291 2236 323 2271; x_wconf 87' lang='grc'>8,</span> <span class='ocrx_word' id='word_1_288' title='bbox 345 2236 363 2264; x_wconf 89' lang='grc'>4</span> <span class='ocrx_word' id='word_1_289' title='bbox 385 2238 455 2265; x_wconf 86' lang='lat' dir='ltr'>licet</span> <span class='ocrx_word' id='word_1_290' title='bbox 475 2238 533 2265; x_wconf 83' lang='lat' dir='ltr'>AC.</span> <span class='ocrx_word' id='word_1_291' title='bbox 556 2252 593 2256; x_wconf 96' lang='lat'><strong>—</strong></span> <span class='ocrx_word' id='word_1_292' title='bbox 614 2236 648 2270; x_wconf 86' lang='lat'>9,</span> <span class='ocrx_word' id='word_1_293' title='bbox 671 2236 688 2264; x_wconf 85' lang='lat'><strong>2</strong></span> <span class='ocrx_word' id='word_1_294' title='bbox 708 2239 765 2272; x_wconf 82' lang='lat' dir='ltr'>Qui</span> <span class='ocrx_word' id='word_1_295' title='bbox 786 2245 831 2264; x_wconf 82' lang='lat' dir='ltr'>me</span> <span class='ocrx_word' id='word_1_296' title='bbox 851 2237 911 2265; x_wconf 84' lang='lat' dir='ltr'>AB.</span> <span class='ocrx_word' id='word_1_297' title='bbox 933 2252 970 2257; x_wconf 85' lang='lat'>—</span> <span class='ocrx_word' id='word_1_298' title='bbox 990 2236 1017 2271; x_wconf 91' lang='lat'>9,</span> <span class='ocrx_word' id='word_1_299' title='bbox 1038 2237 1057 2265; x_wconf 90' lang='lat'>4</span> <span class='ocrx_word' id='word_1_300' title='bbox 1078 2239 1240 2274; x_wconf 82' lang='lat' dir='ltr'>Deceptum</span> <span class='ocrx_word' id='word_1_301' title='bbox 1261 2240 1328 2273; x_wconf 68' lang='grc' dir='ltr'>ΑΒ,</span> <span class='ocrx_word' id='word_1_302' title='bbox 1352 2249 1403 2276; x_wconf 83' lang='lat' dir='ltr'>per</span> <span class='ocrx_word' id='word_1_303' title='bbox 1424 2241 1502 2268; x_wconf 79' lang='lat' dir='ltr'>huuc</span> 
     </span>
     <span class='ocr_line' id='line_1_65' title="bbox 180 2274 1502 2314; baseline 0.002 -10"><span class='ocrx_word' id='word_1_304' title='bbox 180 2277 287 2304; x_wconf 77' lang='lat' dir='ltr'>falsum</span> <span class='ocrx_word' id='word_1_305' title='bbox 316 2277 399 2304; x_wconf 76' lang='lat' dir='ltr'>ABG.</span> <span class='ocrx_word' id='word_1_306' title='bbox 429 2291 465 2294; x_wconf 96' lang='lat'><strong>—</strong></span> <span class='ocrx_word' id='word_1_307' title='bbox 489 2275 540 2307; x_wconf 90' lang='grc'>10,</span> <span class='ocrx_word' id='word_1_308' title='bbox 567 2274 585 2303; x_wconf 84' lang='grc'><strong>3</strong></span> <span class='ocrx_word' id='word_1_309' title='bbox 606 2276 734 2304; x_wconf 82' lang='lat' dir='ltr'>Deberet</span> <span class='ocrx_word' id='word_1_310' title='bbox 754 2277 793 2307; x_wconf 71' lang='lat'>133</span> <span class='ocrx_word' id='word_1_311' title='bbox 821 2278 929 2304; x_wconf 65' lang='lat' dir='ltr'>terrere</span> <span class='ocrx_word' id='word_1_312' title='bbox 949 2277 987 2310; x_wconf 71' lang='grc' dir='ltr'>Β,</span> <span class='ocrx_word' id='word_1_313' title='bbox 1015 2278 1112 2304; x_wconf 79' lang='lat' dir='ltr'>timeri</span> <span class='ocrx_word' id='word_1_314' title='bbox 1134 2277 1164 2304; x_wconf 92' lang='lat' dir='ltr'>C.</span> <span class='ocrx_word' id='word_1_315' title='bbox 1185 2291 1223 2296; x_wconf 82' lang='lat'>—</span> <span class='ocrx_word' id='word_1_316' title='bbox 1246 2275 1297 2311; x_wconf 86' lang='lat'>10,</span> <span class='ocrx_word' id='word_1_317' title='bbox 1325 2277 1344 2305; x_wconf 87' lang='lat'>4</span> <span class='ocrx_word' id='word_1_318' title='bbox 1365 2279 1450 2314; x_wconf 82' lang='lat' dir='ltr'>Quod</span> <span class='ocrx_word' id='word_1_319' title='bbox 1473 2282 1502 2306; x_wconf 82' lang='lat' dir='ltr'>et</span> 
     </span>
     <span class='ocr_line' id='line_1_66' title="bbox 179 2314 1502 2390; baseline 0.002 -9"><span class='ocrx_word' id='word_1_320' title='bbox 179 2316 382 2390; x_wconf 46' lang='lat' dir='ltr'>ffissafia.</span> <span class='ocrx_word' id='word_1_321' title='bbox 403 2314 920 2381; x_wconf 42' lang='grc' dir='ltr'>ΑΒῗΙὲῙῙῖΡὲἭὶῗὶέἲὲιέάῗυε</span> <span class='ocrx_word' id='word_1_322' title='bbox 941 2314 1502 2386; x_wconf 48' lang='lat' dir='ltr'>A.¹¹ss414¹‚”3¹¹1‘1’1¹&lt;²‚r{&#39;5⁰ffi”-A{20‘11</span> 
     </span>
     <span class='ocr_line' id='line_1_67' title="bbox 181 2392 613 2421; baseline -0.007 0"><span class='ocrx_word' id='word_1_323' title='bbox 181 2393 238 2421; x_wconf 85' lang='lat' dir='ltr'>Str.</span> <span class='ocrx_word' id='word_1_324' title='bbox 265 2392 300 2421; x_wconf 87' lang='grc'>16</span> <span class='ocrx_word' id='word_1_325' title='bbox 320 2392 457 2420; x_wconf 84' lang='lat' dir='ltr'>sehieben</span> <span class='ocrx_word' id='word_1_326' title='bbox 481 2392 529 2419; x_wconf 89' lang='lat' dir='ltr'>BC</span> <span class='ocrx_word' id='word_1_327' title='bbox 550 2393 613 2418; x_wconf 90' lang='lat' dir='ltr'>ein:</span> 
     </span>
    </p>
   </div>
  </div>
 </body>
</html>
