1651 2680
755 101 1015 137 —172—

610 224 668 256 128.
709 224 750 255 De
770 223 869 254 Beata
888 223 989 256 Maria
1007 223 1150 264 Virgine.

241 306 271 337 1.
299 304 323 335 O
350 304 465 345 Maria,
495 304 635 343 gloriosa

347 353 530 393 angelorum
555 351 693 390 domina,

300 399 400 431 Maris
427 399 529 435 stella,
557 399 685 431 vincens
712 402 826 431 cuncta

348 447 494 479 claritate
521 447 638 485 sidera,

301 495 398 533 Virgo
424 495 568 535 pulchra,
596 494 684 534 virgo
710 498 808 536 casta,

349 552 396 574 me
422 544 595 574 clementer
620 543 745 574 adiuva.

241 631 272 661 2.
300 629 439 669 Sumpsit
467 629 549 660 enini
577 637 613 659 ex
640 632 671 660 te
694 638 820 660 carnem

348 677 408 708 Dei
433 676 599 717 sapientia,

301 725 341 756 Ut
370 725 505 755 humano
531 732 589 762 per
614 727 645 754 te
671 724 736 755 vita

347 773 455 810 generi
481 775 530 802 est
555 771 695 809 reddita,

298 821 388 858 Quod
416 819 539 858 subegit
565 819 634 849 neci
660 820 754 858 culpa

350 868 470 906 primae
496 868 606 898 matris
633 868 736 898 noxia.

247 955 276 985 3.
307 954 409 992 Super
434 958 521 984 astra
545 962 674 984 manens
701 954 779 984 inira

349 1002 463 1040 potiris
490 1001 622 1039 laetitia,

300 1049 348 1080 Ibi
375 1049 474 1080 servit
500 1049 584 1079 omni
613 1049 663 1079 die

349 1097 405 1128 tibi
433 1097 570 1136 phalanx
600 1098 741 1134 caelica·,

303 1144 394 1182 Mihi,
423 1153 549 1183 quaeso,
579 1142 626 1174 fer
652 1145 795 1175 iuvamen

349 1202 459 1231 presso
487 1192 568 1224 mole
594 1196 711 1224 terrea.

242 1282 274 1311 4.
301 1280 390 1310 Assit
419 1278 494 1308 mihi
520 1281 574 1308 tua
601 1286 709 1308 manus

349 1334 474 1365 semper
499 1325 721 1366 invictissima,

304 1373 370 1404 Nec
397 1382 445 1404 ine
472 1373 534 1403 diri
562 1372 736 1404 Leviathan

351 1422 535 1460 extinguant
563 1420 746 1457 certamina,

303 1468 365 1499 Sed
393 1469 451 1499 sim
479 1468 580 1498 victor
605 1467 804 1499 coronandus

350 1517 379 1547 in
407 1516 479 1547 aula
504 1515 678 1554 stelligera.

933 955 949 986 x]

925 307 956 338 5.
983 304 1046 337 Ubi
1071 304 1190 336 sanctis
1216 304 1381 336 animabus

1033 352 1128 384 datur
1152 352 1206 384 lux
1232 353 1372 389 assidua,

983 400 1178 439 Angelorum
1205 403 1328 431 turmae
1354 399 1444 438 larga

1031 447 1148 478 iunctis
1174 446 1235 478 Dei
1259 447 1372 487 gratia,

986 497 1054 535 Qua
1080 494 1197 534 repleri
1223 499 1338 525 memet
1365 498 1419 524 tua

1031 541 1149 573 faciant
1176 542 1368 581 precamina.

952 654 959 661 .
985 629 1031 662 Ut
1056 628 1166 660 eadem
1193 629 1251 660 sim
1279 627 1448 658 mundatus

1032 686 1050 708 a
1077 676 1240 715 culparum
1267 675 1391 707 macula

987 724 1027 755 Et
1055 724 1206 755 decenter
1229 727 1399 755 exornatus

1036 771 1152 802 virtute
1179 771 1375 805 multimoda.

989 819 1116 851 Summo
1143 821 1208 858 regi
1237 827 1311 850 voce
1338 817 1423 849 dulci

1035 867 1153 898 Canam
1179 867 1306 898 laudum
1334 866 1517 900 chrismata.

956 981 962 987 .
990 954 1083 985 Hunc
1109 952 1162 992 qui
1187 952 1298 984 laudat
1323 951 1496 993 operando,

1038 1009 1118 1040 quae
1144 1006 1215 1032 sunt
1242 1000 1290 1031 illi
1315 999 1445 1041 placita,

988 1048 1151 1080 Obtinebit
1178 1057 1252 1079 vere
1278 1048 1391 1079 summi

1037 1095 1113 1127 felix
1142 1097 1230 1135 regni
1256 1095 1391 1127 culmina

988 1145 1028 1176 Et
1056 1143 1198 1175 manebit
1222 1145 1290 1175 sine
1316 1143 1377 1174 fine

1037 1192 1126 1223 dives
1152 1192 1237 1223 omni
1263 1191 1374 1231 gloria.

953 1302 961 1309 .
990 1279 1058 1309 Hac
1085 1286 1133 1307 me
1161 1277 1238 1312 dita,
1268 1278 1339 1309 Iesu
1363 1276 1482 1309 Christi

1036 1329 1139 1356 mater
1164 1325 1380 1364 integerrima,

989 1373 1031 1404 Et
1057 1372 1160 1403 eidem
1188 1382 1236 1404 me
1263 1372 1449 1404 commenda

1036 1426 1089 1451 tua
1116 1429 1211 1459 prece
1237 1421 1360 1461 sedula,

991 1469 1033 1501 Ut
1061 1477 1130 1499 cum
1156 1468 1211 1500 illo
1237 1469 1330 1508 plene
1356 1468 1497 1508 gaudens

1036 1525 1180 1547 maneam
1199 1525 1258 1557 per
1275 1516 1412 1550 saecula.
1431 1517 1545 1549 Amen.

306 1600 466 1628 (sollectau.
489 1609 541 1626 ms.
557 1602 585 1626 S.
601 1599 747 1635 Ehrulphi
771 1609 846 1627 saec.
865 1598 906 1626 12.
942 1601 1012 1628 Cod.
1028 1601 1218 1628 Aleuconien.
1237 1602 1259 1628 1.
1276 1602 1341 1628 add.
1356 1610 1432 1628 saec.
1450 1599 1491 1629 12.
1512 1616 1537 1620 —

230 1641 259 1671 6,
290 1640 306 1666 6
329 1642 482 1673 crvsmata.
507 1653 538 1656 ——
562 1639 593 1666 ὅ.
623 1637 640 1664 5
660 1637 700 1665 Et
721 1646 794 1665 cum.
817 1653 852 1657 —
873 1640 934 1666 Ans
956 1640 1052 1666 dieser
1073 1639 1177 1672 Quelle
1199 1641 1357 1675 publiziert
1377 1649 1434 1666 von
1454 1640 1544 1676 Leop⁴

228 1678 341 1705 Delisle
382 1680 419 1704 im
460 1677 609 1703 Annuaire
647 1677 774 1703 Bulletin
814 1677 849 1704 de
889 1677 918 1704 la
952 1676 1066 1705 Societe'·
1106 1678 1142 1704 de
1172 1676 1328 1706 l'Histoire
1359 1676 1395 1706 de
1424 1679 1546 1706 Franoe.

230 1717 313 1743 Paris
337 1713 422 1747 186&
447 1716 484 1741 ΙΙ.
507 1716 608 1748 partie.
632 1724 657 1749 p.
679 1714 696 1742 9
718 1725 778 1751 sqq,
802 1716 876 1742 Dort
897 1717 1087 1744 unmittelbar
1106 1717 1277 1744 verbunden
1299 1719 1351 1744 mit
1365 1717 1430 1744 dem
1447 1717 1548 1745 Reim-

229 1755 315 1790 gebet
347 1753 502 1787 „Micael
534 1762 610 1779 cum
643 1752 844 1783 Gabriele“,
876 1754 1086 1790 entsprecbend
1121 1754 1172 1781 der
1203 1756 1315 1789 Quelle.
1368 1755 1466 1782 Schon
1493 1756 1547 1783 <las

232 1792 356 1826 „Amen¹¹
386 1793 462 1827 zeigt
493 1792 563 1818 aber
589 1791 733 1822 deutlich.
763 1789 828 1819 dass
857 1801 886 1819 es
914 1793 976 1820 sich
997 1802 1044 1820 um
1068 1794 1138 1820 zwei
1159 1794 1301 1821 Gedichte
1323 1794 1454 1822 handelt.
1495 1794 1548 1821 Als

231 1832 339 1857 Auctor
360 1833 503 1857 vei-mutet
523 1829 633 1856 Delisle
656 1846 690 1849 ——
712 1831 788 1856 wohl
810 1832 863 1857 mit
884 1832 975 1858 Recht
997 1848 1031 1851 —
1053 1832 1257 1859 Ordericus
1286 1833 1442 1859 vitalis.

669 1942 730 1972 129.
772 1942 813 1972 De
835 1942 929 1973 Beata
952 1943 1054 1974 Maria
1075 1944 1110 1974 V.

244 2024 273 2055 1.
301 2023 326 2055 Ο
352 2023 466 2061 Maria,
495 2026 596 2053 mater
628 2021 696 2058 Dei,

300 2070 465 2107 Miserere,
493 2078 618 2109 precor,
649 2071 709 2100 mei

300 2119 406 2156 Atque
432 2127 489 2157 pro
515 2126 564 2147 me
591 2127 668 2157 roga
695 2117 807 2160 Deum,

302 2166 345 2199 Ut
373 2166 518 2197 absolvat
543 2165 636 2196 istum
666 2174 763 2198 reum.

257 2256 275 2284 Β.
303 2252 398 2294 Ecce,
426 2252 484 2283 tibi
510 2260 559 2282 me
587 2252 773 2283 commendo

300 2300 415 2341 Meque
441 2300 498 2331 tibi
526 2308 651 2330 servum
678 2300 784 2337 trado,

302 2349 345 2382 Ut
371 2348 498 2380 domina
524 2356 573 2378 me
599 2348 724 2387 suscipe

305 2396 347 2428 Et
373 2397 545 2427 clementer
570 2403 618 2426 me
645 2396 779 2436 respice.

931 2026 961 2056 3.
989 2025 1127 2064 Respice
1153 2024 1225 2063 hue,
1252 2036 1270 2056 o
1296 2026 1412 2067 Maria,

989 2072 1048 2103 Dei
1074 2075 1177 2103 mater
1203 2078 1234 2104 et
1261 2073 1336 2112 filia,

989 2120 1031 2151 Et
1059 2120 1151 2150 visita
1178 2120 1260 2152 hunc
1287 2123 1448 2162 miserum,

988 2167 1183 2207 Oppressum
1210 2169 1292 2200 mole
1317 2170 1484 2202 scelerum.

955 2279 962 2286 .
990 2253 1090 2285 Serva
1115 2253 1174 2284 tibi
1201 2257 1467 2298 commendatum,

989 2301 1063 2334 Tibi
1087 2301 1209 2333 servire
1235 2309 1392 2346 paratum,

989 2349 1077 2380 Tuae
1104 2349 1219 2381 donum
1247 2351 1377 2390 pietatis

991 2397 1046 2428 Me
1071 2396 1217 2429 absolvat
1243 2409 1260 2430 a
1284 2401 1436 2439 peccatis,
