1651 2680
673 75 906 109 ,10-

277 172 330 205 Ad
358 172 445 204 cuius
472 172 533 203 iarn
560 171 658 212 pedes
684 170 768 202 iacet
793 171 920 203 devicta
944 171 1134 213 mortalitas,

279 220 438 259 Cuiusque
464 219 547 250 dono
571 222 703 250 sanatur
727 221 838 250 nostra
861 228 946 250 nunc
969 218 1149 259 infirmitas,

280 268 322 300 Et
349 276 368 298 a
393 276 453 307 quo
479 269 641 306 prostrata
667 269 768 296 morte
795 269 907 305 regnat
933 266 1166 298 immortalitas,

282 315 392 347 Gloria
418 315 459 345 sit
484 313 552 345 Deo
578 314 673 352 patri,
701 313 847 353 prolique
873 314 1010 354 spiritui,

198 364 254 396 35.
281 363 349 394 Deo
375 363 459 393 trino
485 371 542 392 nec
568 370 629 392 non
655 360 719 402 uni,
746 362 828 400 paci,
856 361 951 400 vitae,
978 362 1099 400 lumini,

278 409 406 442 Nomini
431 409 578 441 nimirum
607 409 691 440 dulci
719 408 888 448 divinoque
914 410 1043 442 numini.

211 513 330 541 Collect.
353 522 405 539 ms.
427 515 555 540 incertae
577 513 648 547 orig.
671 519 744 538 saec.
769 509 812 538 10,
834 511 903 538 Cod.
924 513 1047 540 Bernen.
1069 510 1132 539 584.
1154 527 1190 532 —
1214 509 1245 537 11
1270 509 1344 538 redit
1358 512 1444 538 emis-

131 554 247 579 terium.
268 566 305 570 -—
335 550 369 577 18
390 551 515 578 homine.
538 564 573 569 -
601 551 705 576 Dies-es
732 550 789 576 und
816 550 863 576 die
884 550 1053 585 folgenden,
1083 550 1236 577 derselben
1258 548 1362 583 Quelle
1383 553 1445 576 ent·

132 598 306 616 nommenen
331 589 454 620 Licder,
479 589 527 615 die
553 588 752 615 selbstrodend
777 590 864 615 einen
889 588 948 615 und
972 588 1132 615 denselben
1160 588 1310 615 Verfasser
1336 586 1444 619 haben,

133 628 208 655 habe
229 627 277 654 ich
297 626 378 654 nicht
399 631 482 654 unter
505 627 551 653 die
573 626 763 661 liturgischen
783 627 928 661 Hymnen,
951 627 1074 653 sondern
1092 630 1175 653 unter
1189 626 1237 653 die
1252 626 1444 660 Reimgebete

133 666 304 702 eingereiht,
324 665 360 690 da
382 667 424 692 sie
445 668 519 691 trotz
540 665 591 691 der
612 665 817 699 augebungten
832 665 997 699 Doxologie
1020 664 1102 691 nicht
1122 674 1157 691 zu
1173 663 1373 700 liturgischem
1387 665 1443 692 Ge-

132 703 269 738 brauche,
290 703 416 731 sondern
437 705 482 730 fiir
501 703 547 729 die
562 702 790 729 Privatandacht
805 703 952 729 bestimmt
967 703 1113 729 scheinen.
1155 703 1243 730 Diese
1259 703 1443 738 Vermutung

132 741 258 777 griindet
279 742 340 768 sich
362 750 414 768 vor
435 741 520 768 allem
542 740 653 772 darauf,
678 740 741 767 dass
756 741 828 768 iiber
842 740 888 767 die
904 741 1003 767 Hiilfte
1019 741 1179 771 derselben,
1202 741 1276 767 auch
1291 741 1339 767 bei
1354 740 1443 768 allem

130 780 364 814 Enjambement‚
385 780 446 806 sich
469 779 548 805 nicht
564 781 592 805 in
609 778 753 814 Strophen
768 779 896 806 abteilen
912 779 1018 811 lassen
1041 778 1177 806 wiihrend
1192 778 1266 805 doch
1281 779 1328 805 die
1344 778 1442 806 Doxo-

131 818 229 854 logien
263 818 343 845 drei-
351 817 597 851 beziehungsweis
594 826 615 842 ·e
650 816 862 851 sechs-)zeilige
897 817 1042 852 Strophen
1077 826 1112 843 zu
1147 817 1263 844 fordern
1293 816 1442 844 scheinen.

130 856 187 883 Die
216 856 322 883 Lieder
349 864 445 882 waren
473 856 535 881 also
564 854 733 881 schwerlich
764 855 810 881 fiir
835 855 891 881 deu
918 856 1036 891 Gesang
1063 855 1228 882 berechnct.
1274 854 1341 890 Vgl.
1369 855 1443 882 auch

130 895 181 921 Nr.
204 892 220 919 ¹7
242 894 301 920 und
322 894 371 921 ΝΥ.
393 892 410 920 8
432 893 503 919 Vcrs
524 892 568 919 20.
595 907 631 910 -
658 895 713 920 Die
738 893 961 920 [rberschriften
988 893 1053 919 sind
1080 894 1134 919 mit
1154 893 1321 920 Ausnahme
1346 893 1442 920 dieses

129 936 226 959 ersten
250 933 399 966 Hymnus,
425 932 527 959 dessen
549 931 708 958 Aufschrift
730 931 899 958 ausiadiert
920 933 966 961 ist
988 931 1039 958 der
1059 931 1163 963 Quelle
1184 931 1324 958 entlehnt.

637 1119 663 1148 2.
695 1118 930 1158 Completorius.

299 1216 412 1248 Fluxit
438 1216 495 1248 ille
518 1217 610 1248 labor
636 1227 777 1258 magnus,
802 1226 893 1258 quem
922 1217 1068 1249 diurnum
1097 1218 1242 1257 dicimuS,

300 1265 342 1296 Et
369 1264 453 1296 redit
479 1265 593 1303 quietis
619 1268 753 1305 tempus,
781 1274 873 1305 quam
900 1269 1085 1297 nocturnam
1112 1266 1289 1306 pangimus,

298 1312 379 1344 Esto
406 1320 499 1350 nune,
527 1313 594 1344 dies
620 1317 758 1349 aeterne,
787 1317 892 1344 custos
918 1312 1008 1344 uobis
1034 1313 1176 1354 intimus,

296 1359 356 1400 Qui
383 1359 486 1390 nescis
512 1360 588 1391 oriri
616 1365 709 1401 certe,
738 1361 841 1392 nescis
867 1364 898 1391 et
923 1361 1121 1393 occumbere.

234 1408 266 1441 5.
295 1407 343 1438 Tu
370 1407 443 1447 vita,
471 1407 556 1438 salus
583 1411 614 1437 et
639 1410 737 1449 quies,
766 1412 799 1439 tu
825 1408 893 1439 sine
918 1407 990 1440 labe
1014 1409 1092 1449 dies,

298 1454 347 1486 Tu
372 1455 426 1486 lux
454 1455 604 1495 perennis
630 1457 767 1495 piorum,
795 1456 876 1494 fons,
903 1457 992 1496 origo
1017 1457 1181 1495 mentium,

300 1502 360 1541 Qui
386 1508 508 1534 noctem
536 1503 651 1542 quietis
677 1505 790 1535 almam
819 1503 933 1535 tribuis
960 1504 1158 1545 mortalibus,

297 1549 445 1589 Noctem,
474 1551 611 1589 inquam,
639 1551 840 1583 tenebrarum
869 1551 1069 1591 signatricem
1096 1551 1249 1592 providis,

298 1597 347 1629 Eo
375 1597 471 1629 ductu
497 1598 645 1629 monuisti
671 1599 840 1638 spatiando
867 1599 1001 1637 noviter,

213 1645 266 1677 10.
294 1643 386 1676 Illam
413 1645 497 1685 quod
525 1646 710 1678 divisionem
739 1647 932 1678 disceremus
958 1647 1109 1688 graviter,

299 1692 513 1733 Principalem
540 1703 632 1733 quam
658 1694 761 1726 tulisti
785 1695 855 1726 luce
880 1698 974 1734 atque
1000 1693 1153 1733 tenebris,

299 1740 418 1772 Lucem
444 1741 584 1781 probans
611 1750 678 1773 esse
704 1741 819 1773 bonam
849 1743 1032 1781 cunctisque
1057 1743 1237 1783 perutilem,

299 1788 515 1820 providenter
540 1789 742 1821 tenebrarum
771 1791 930 1829 dirempta
957 1791 1092 1830 caligine

299 1835 364 1868 Ubi
389 1836 511 1868 lancem
538 1837 672 1876 posuisti
698 1838 856 1878 geminam
882 1838 1001 1878 iudicii,

210 1883 264 1916 15.
294 1883 371 1916 Cum
398 1884 449 1916 lex
476 1885 580 1924 coepit
605 1886 731 1917 exarari
756 1886 862 1927 Moysi
888 1886 1093 1927 temporibus,

295 1931 463 1964 Exsistens
490 1933 552 1963 tuis
582 1932 737 1965 deductor
761 1935 803 1965 ad
830 1934 1019 1972 promissam
1045 1934 1181 1974 patriam

296 1979 359 2011 Die
383 1980 476 2011 nubis
501 1980 559 2011 sub
587 1981 743 2019 columna,
771 1984 863 2013 nocte
888 1981 946 2013 sub
973 1980 1195 2015 flammivoma.

297 2027 395 2068 Ergo,
424 2027 559 2069 Christe,
587 2028 757 2060 tenebrosa
782 2029 859 2061 tolle
885 2029 976 2060 nobis
1000 2038 1098 2069 opera

296 2074 410 2114 Sisque
438 2075 529 2106 nobis
555 2075 638 2107 nube
664 2076 760 2116 mitis,
787 2086 849 2109 nou
875 2077 948 2117 igne
974 2077 1137 2117 terribilis,

217 2122 273 2154 20.
300 2122 345 2155 Ut
369 2122 401 2153 in
428 2128 459 2155 te
484 2133 568 2155 nunc
593 2127 821 2164 aeternumque
847 2125 1004 2164 possimus
1030 2127 1203 2165 quiescere.

296 2170 418 2209 Gloria,
445 2171 525 2211 laus,
551 2171 652 2203 honor
677 2173 773 2214 patri,
800 2173 884 2212 proli
908 2182 946 2204 ac
971 2173 1099 2212 spiritui

296 2218 347 2250 Ex
375 2218 528 2250 ambobus
553 2220 740 2259 procedenti
765 2224 840 2252 ante
865 2230 937 2252 orsa
963 2221 1092 2260 saeculi,

292 2265 444 2298 Trinitati
470 2266 539 2298 laus
566 2268 710 2309 perenni,
734 2268 848 2300 unitati
874 2269 1011 2309 perpeti.

199 2371 322 2401 Collect.
342 2380 395 2399 ms.
416 2373 544 2400 incertae
566 2374 637 2408 orig.
654 2381 729 2401 saec.
754 2371 796 2401 10.
813 2374 882 2402 Cod.
897 2375 1021 2402 Beruen.
1036 2373 1102 2403 584.
1125 2389 1162 2395 —
1183 2374 1220 2403 23
1240 2377 1291 2404 lux
1311 2381 1443 2414 pereuni.
