1651 2680
323 397 378 429 20.

324 638 377 668 25.

319 874 373 906 30.

316 1114 371 1144 35.

319 1351 374 1382 40.

317 1590 374 1620 45.

317 2067 373 2099 55.

316 2305 372 2338 60.

735 110 996 145 -160-

404 206 438 236 ln
464 209 588 244 partem
615 204 738 237 laevam
765 213 858 245 quem
883 205 983 238 traxit
1007 206 1102 246 culpa
1125 215 1185 246 per
1209 207 1322 247 Evam,

402 254 452 284 Ad
482 252 626 284 dextram
655 253 772 293 releva,
799 256 844 292 tu,
871 258 973 284 mater
997 254 1106 285 mitior
1131 253 1218 293 Eva3

403 301 495 331 Porta
522 303 621 340 patet,
650 310 776 332 saevam
804 298 907 332 fuerat
933 309 1014 340 quae
1039 301 1149 332 clausa
1175 311 1234 342 per
1259 301 1373 339 Evam,

404 348 565 380 Plavatrix
590 347 668 386 irae,
695 347 808 388 quibus
833 347 920 380 illam
947 348 994 379 vis
1019 349 1155 388 aperire.

407 396 482 427 Cum
510 395 568 426 sub
593 399 736 427 extremo
762 397 879 434 poterit
905 404 1091 427 succurrere
1117 403 1219 436 nemo,

405 443 480 482 Quis
508 443 603 474 faciet
629 448 729 475 tutum
757 444 941 482 turpissima
966 451 1108 482 quaeque
1132 449 1286 481 secutum,

407 491 445 522 Ni
472 491 548 522 mihi
575 491 705 523 tutelam
733 491 789 522 des
815 491 930 523 iudicis
955 494 1028 522 ante
1053 490 1239 530 querelam?

406 541 481 570 (sum
509 539 644 570 mundus
671 538 770 578 flebit,
797 547 865 570 cum
892 544 979 570 terra
1004 538 1160 577 polusque
1183 537 1318 576 timebit,

406 589 479 618 Sola
505 591 595 626 potes
621 592 727 618 terrae
754 586 879 618 miseris
905 586 1052 626 suffragia
1078 584 1174 618 ferre.

407 637 482 666 Sors
507 635 560 666 ubi
587 639 767 666 sanctorum
795 634 944 674 desperat
970 642 1062 673 opem
1088 632 1285 674 meritorum,

406 683 562 713 Flectitur
588 682 662 713 irati
689 691 746 722 per
771 685 802 712 te
826 682 984 713 sententia
1009 681 1094 722 natiz,

405 734 507 768 Quare
533 731 573 761 ad
601 739 734 761 examen
761 730 876 761 misero
903 729 1040 761 concede
1067 729 1224 761 juvamen.

402 778 511 809 Sentio
537 779 691 815 damnari,
718 779 743 808 si
772 777 881 809 differs
906 777 1074 817 auxiliari3

402 826 483 857 Nam
512 826 604 857 datus
630 825 671 857 ad
695 826 781 856 mille
807 828 966 857 tormenta
991 823 1187 863 Theophilus
1213 823 1268 854 ille

406 874 463 904 l'er
489 876 519 903 te
545 874 687 905 salvatur
713 873 902 913 Christoque
927 872 1162 904 reconciliatur.

403 921 464 952 Hic
489 920 533 952 ita
560 923 713 960 peccavit,
741 921 793 960 qui
821 921 982 953 Christum
1007 925 1100 959 teque
1128 919 1266 959 negavit,

399 969 466 999 Nec
491 969 592 1001 caruit
620 970 710 1000 venia
733 975 774 1011 te,
802 969 902 1008 virgo,
928 969 1068 1008 iuvante,
1096 967 1221 1007 Maria3

400 1016 484 1055 Ergo
510 1022 669 1056 peccator,
696 1026 756 1048 non
785 1017 880 1048 corde
907 1016 956 1047 vel
982 1025 1036 1047 ore
1063 1017 1205 1056 negator,

400 1063 502 1095 (fredo
528 1065 645 1095 salvari
673 1074 731 1104 per
757 1069 848 1103 teque
875 1063 1086 1099 reconciliari,

402 1113 536 1150 Propter
560 1117 743 1151 peccantem
770 1112 797 1142 si
824 1113 870 1143 vis
897 1121 989 1143 orare
1015 1114 1188 1143 tonantem.

399 1160 496 1196 Haec,
524 1169 623 1200 sacra,
654 1161 796 1199 dispone,
824 1168 904 1200 quae
930 1159 1086 1191 transfers
1113 1167 1151 1189 ex
1179 1157 1354 1198 Babylone,

401 1208 476 1246 Fac,
502 1208 564 1249 pia,
593 1209 765 1239 Ierusalem
793 1207 1007 1238 conscendere
1033 1206 1245 1246 spiritualem,

402 1255 466 1286 Pax
491 1256 545 1286 uhi
571 1257 732 1290 succedat,
760 1264 851 1294 quam.
879 1255 967 1286 nulla
994 1255 1152 1286 calumnia
1177 1254 1295 1294 laedat,

402 1303 468 1333 Rex
494 1303 547 1334 ubi
575 1303 700 1334 virtutis
725 1303 767 1333 sit
793 1307 885 1341 potus
913 1311 1046 1342 escaque
1073 1301 1197 1340 salutis,

404 1350 473 1380 Lux
500 1350 553 1381 ubi
580 1350 707 1389 reginae
734 1350 775 1380 sit
800 1355 876 1389 apta
902 1350 979 1380 mihi
1002 1351 1070 1381 siue
1096 1349 1169 1386 fine,

402 1398 488 1428 Ante
513 1398 745 1436 redemptorem
772 1399 904 1429 sortitae
930 1398 1015 1429 sedis
1043 1398 1202 1429 honorem.

406 1446 474 1476 Vox
501 1445 677 1484 peccatoris
704 1450 734 1476 te
761 1445 912 1484 clamitat,
939 1446 1010 1477 aula
1038 1445 1181 1486 pudoris,

404 1494 455 1524 Ad
483 1494 562 1523 caeli
588 1502 701 1524 numen
728 1495 896 1525 metuentis
922 1497 1047 1524 vertere
1073 1493 1178 1525 lumen

406 1541 443 1571 Et
471 1541 548 1571 nihil
575 1541 720 1572 audentis
748 1541 787 1572 de
812 1542 936 1572 nomine
962 1541 1220 1581 cunctipotentis.

404 1588 490 1619 Audi
517 1589 714 1630 clamantem,
745 1593 786 1629 te,
812 1590 901 1629 virgo
927 1589 1031 1630 beata,
1060 1594 1234 1631 vocantem,

404 1636 437 1666 Si
465 1645 525 1667 nou
553 1636 702 1673 turberis,
729 1636 813 1676 quod
840 1637 879 1669 ab
905 1637 991 1668 illius
1016 1647 1071 1669 ore
1097 1638 1233 1678 voceris,

402 1683 460 1722 Qui
488 1684 573 1714 vitiis
600 1683 712 1716 foedus
739 1685 913 1724 permansit
938 1690 973 1716 ut
999 1685 1104 1716 mollis
1130 1685 1262 1717 hoedus.

404 1733 547 1762 Paenitet
574 1741 729 1768 errorum,
757 1733 818 1763 iam
847 1733 945 1764 foetet
972 1733 1093 1773 ineptia
1118 1742 1251 1772 morum,

404 1778 525 1810 Lahilis
552 1785 581 1810 et
609 1789 707 1811 vanus
734 1790 800 1811 sum
826 1782 897 1820 plus
923 1791 1014 1820 quam
1043 1782 1291 1821 quatriduanu53

372 1852 377 1857 .
407 1828 539 1867 suscipe
565 1837 762 1865 conversum,
790 1830 914 1860 noviter
940 1829 1105 1869 Babylone
1132 1839 1306 1871 reversum,

404 1874 468 1905 Fac
495 1877 577 1907 mule
604 1876 781 1916 deceptum,
810 1875 861 1908 sac
887 1887 956 1908 cum
984 1878 1102 1916 pietate
1129 1882 1303 1918 receptum.

402 1923 453 1953 Sic
481 1924 603 1954 veniam
627 1933 734 1962 posco,
762 1925 807 1955 sic
833 1924 912 1956 flens
938 1934 1008 1957 mea
1035 1926 1167 1957 crimina
1193 1935 1309 1964 nosco3

402 1969 472 2001 Non
499 1981 555 2011 ego
583 1971 738 2010 damnari,
766 1982 826 2003 non
856 1973 955 2004 debeo
981 1973 1042 2005 iam
1070 1975 1247 2017 reprobari,

402 2017 483 2048 Nam
511 2020 599 2050 decet
627 2026 787 2051 auctorem
814 2029 876 2051 non
903 2030 1052 2052 exercere
1081 2020 1232 2065 furorem,

402 2066 466 2096 Iam
495 2067 587 2098 debet
616 2067 718 2106 pietas
744 2067 826 2098 odiis
853 2069 1017 2108 imponere
1042 2074 1154 2100 metas.

401 2113 435 2143 In
463 2119 494 2145 te
516 2118 698 2154 sperantem
722 2123 784 2145 non
812 2116 888 2157 vidi,
916 2116 1015 2157 virgo,
1042 2120 1220 2157 vacantem,

402 2161 436 2190 In
463 2166 494 2192 te
519 2164 669 2193 iactatum
694 2172 756 2193 non
783 2162 850 2194 vidi
876 2163 1084 2198 ludificatum.

404 2207 456 2238 Me
483 2210 541 2240 tihi
565 2210 759 2251 commendo,
788 2218 860 2242 reus
887 2211 928 2242 ad
954 2215 996 2252 te,
1024 2221 1098 2252 spes
1124 2221 1206 2252 mea,
1233 2214 1342 2253 tendo,

405 2255 504 2295 Eripe
530 2258 700 2296 labentem,
727 2257 838 2296 culpas
863 2259 994 2290 absolve
1021 2259 1184 2301 fatentem,

406 2303 565 2336 Offensum
591 2309 698 2337 natum
724 2305 802 2335 mihi
829 2307 928 2338 redde
955 2307 1207 2347 reconciliatum,

406 2351 552 2386 Diinerso
578 2354 696 2385 mundo
719 2352 861 2385 tenebris
886 2355 1061 2395 mortisque
1084 2353 1256 2394 profundo.

407 2399 522 2432 Sancta
549 2409 665 2440 parens
692 2400 820 2439 Christi,
849 2402 927 2433 dare
950 2403 1145 2441 praesidium
1172 2404 1315 2443 potuisti,
