1651 2680
637 94 895 128 -161—

222 232 225 233 ⁷
277 189 312 223 si
337 191 448 231 plures
473 189 577 222 stellis
603 191 727 222 animas
753 199 772 222 a
797 193 899 222 morte
926 190 1066 231 revellis,

280 238 380 278 Quam
405 240 495 270 vetus
522 237 649 270 illorum
677 238 899 279 transgressio,
927 239 1021 279 culpa
1048 240 1199 280 duorum3

196 286 253 319 65.
280 285 368 327 Ergo
395 285 472 317 mihi
497 285 557 318 soli
582 285 659 317 Non
679 295 814 325 possum
844 285 951 318 dicere
975 287 1050 318 noli.

280 335 345 366 Par
370 333 429 365 tibi
455 335 606 365 maiestas
633 338 664 365 ot
690 334 795 365 adhuc
820 339 925 365 manet
953 334 1024 375 ipsa
1049 338 1202 375 potestas,

280 382 357 415 Post
383 385 504 413 tantum
532 391 645 413 munus
671 381 773 413 levius
798 382 977 415 salvabitur
1002 391 1093 414 unus,

281 429 350 462 Nec
375 430 484 462 dicas:
517 429 655 472 „Natum
682 438 795 461 vereor
820 433 884 460 tam
913 439 1009 469 saepe
1035 430 1212 469 rogatumf

283 478 361 510 Vult
387 477 606 509 mediatricem
634 478 719 510 Deus
747 486 816 508 esse
842 487 930 509 suam
957 478 1161 517 genetricem,

201 526 254 559 70.
283 526 343 565 Qui
369 534 403 557 se
428 525 562 565 pulsari,
589 535 648 565 pro
673 531 843 565 peccatore
869 526 974 566 rogari

281 574 355 606 Non
380 573 578 614 indignatur.
605 574 663 605 sed
689 583 760 604 cum
787 574 918 613 petitur,
945 574 1127 611 miseratur,

279 622 338 662 Qui
364 630 461 661 super
487 625 647 653 errantum
675 622 791 660 gaudet
820 622 1021 653 revocamine
1047 626 1181 660 tantum,

281 670 324 702 Et
348 669 446 701 faciet
471 678 576 701 secum
605 669 710 700 caelos
736 669 878 709 gaudere
905 677 963 709 per
989 678 1110 706 aevum,

284 718 344 757 Qui
370 718 460 758 prius
486 719 525 749 ad
554 718 653 749 vitam
679 718 779 749 traxit
805 718 958 756 populum
986 717 1173 757 Ninivitam‚

201 767 255 800 75.
283 767 351 804 Quo
377 765 549 797 miserante
575 765 666 796 bonis
693 774 762 796 sors
789 769 835 796 est
864 767 1033 797 coniuncta
1059 766 1202 800 latronis,

283 814 341 852 Qui
368 814 522 845 Lazarum
550 812 649 851 flevit,
677 813 828 845 triduana
853 821 955 846 morte
981 813 1112 854 quievit,

283 862 409 894 Praeda
435 861 644 901 superborum
672 870 743 893 cum
769 863 809 893 sit
836 871 894 901 pro
922 867 1022 892 morte
1050 863 1192 894 duorum.

286 910 436 942 Prolatae
462 909 558 941 sortis
584 910 656 941 Iesu
684 911 723 940 de
750 918 880 941 munere
906 910 1028 947 mortis,

284 958 372 989 Dans
399 958 516 989 mundo
542 966 653 996 pacem
680 956 730 988 fac
756 967 815 992 me.
844 958 962 996 regina,
991 966 1150 997 capacem,

201 1007 257 1039 80.
285 1005 414 1046 Simque
440 1006 679 1045 redemptorum
707 1014 763 1044 per
790 1011 820 1036 te
847 1005 986 1036 concivis
1012 1014 1133 1041 eorum,

283 1054 346 1086 Pro
372 1053 485 1094 quibus
512 1057 557 1084 est
583 1054 671 1084 Iesus
697 1053 824 1084 mortali
852 1062 985 1093 corpore
1013 1054 1128 1085 laesus.

189 1158 310 1186 Collect.
332 1168 384 1185 ms.
405 1159 505 1185 incert.
528 1159 651 1193 originis
675 1165 751 1183 saec.
778 1156 820 1184 13.
843 1158 882 1183 in.
902 1157 970 1183 Cod.
987 1158 1125 1184 Tolosan-
1147 1156 1212 1184 571.
1230 1172 1265 1174 —
1283 1155 1317 1183 13
1331 1156 1434 1191 culpae

114 1200 217 1225 ratum.
238 1211 275 1216 -ν
298 1195 331 1223 17
352 1201 380 1224 te
402 1196 466 1223 leva
488 1200 527 1223 tu.
549 1210 585 1214 —-
606 1195 644 1223 43
665 1197 769 1222 vertite
792 1197 898 1222 lumen.
915 1210 950 1214 ——
967 1194 1002 1222 64
1022 1196 1215 1229 transgredio.
1232 1210 1268 1213 —
1284 1195 1435 1222 Abschrift

114 1244 171 1264 von
191 1236 260 1263 Adr.
282 1235 401 1263 Carrei-e
425 1235 453 1262 S
475 1236 502 1262 J.

411 1377 472 1407 109.
515 1377 632 1408 Versus
654 1376 685 1407 in
708 1376 825 1407 honore
847 1378 977 1406 sanctae
1003 1376 1130 1407 Mariae.

286 1487 439 1518 Naturam
466 1491 607 1518 nostram
635 1486 790 1524 Christus,
819 1495 881 1516 non
909 1485 1040 1517 crimine
1067 1491 1176 1517 nostro

336 1535 534 1574 Participare
561 1536 680 1571 volens,
709 1535 840 1566 crimine
867 1535 960 1565 solvit
989 1543 1068 1568 eam,

286 1583 444 1623 Tempore
471 1583 620 1623 dignatur
650 1583 737 1614 nasei
764 1583 832 1614 sine
858 1586 1001 1622 tempore
1028 1586 1130 1616 natus,

333 1632 377 1664 Ut
405 1640 501 1670 supra
526 1632 626 1671 legem
655 1632 808 1670 temporis
835 1635 918 1661 esset
946 1630 1048 1663 homo.

228 1681 258 1711 5.
285 1679 402 1711 Servus
431 1679 470 1710 de
499 1679 635 1716 domino,
664 1689 788 1719 pauper
815 1679 854 1708 ‹le
882 1679 981 1710 divite
1008 1678 1123 1713 factus,

333 1727 399 1759 Nos
425 1736 443 1758 a
469 1728 624 1768 pauperIe
650 1727 765 1758 liberat
793 1731 887 1766 atque
914 1727 996 1765 iugo,

283 1777 335 1808 Ad
364 1776 464 1816 patris
491 1776 659 1816 imperium
688 1784 812 1806 sacram
841 1775 880 1806 de
907 1775 1033 1806 flamine
1060 1783 1150 1806 sacro

333 1824 526 1863 conceptam
555 1824 677 1864 prolem
706 1822 824 1855 femina
850 1832 941 1854 sacra
967 1823 1063 1862 parit.

288 1872 488 1913 Concipiens,
517 1872 645 1912 pariens
671 1881 732 1903 non
760 1871 855 1903 sentit
884 1872 1000 1902 damna
1026 1870 1158 1910 pudoris

204 1921 260 1955 10.
335 1922 431 1954 Casta
457 1929 585 1961 parens,
613 1924 709 1960 partu
734 1919 935 1951 sanctificata
959 1928 1027 1959 suo,

286 1969 329 2001 Et
355 1969 439 2009 quod
467 1970 555 2001 nulla
582 1967 639 2000 fuit
667 1969 698 2000 in
727 1968 936 2007 concipiendo
964 1967 1121 2006 voluptas&

334 2017 434 2050 Matri
460 2018 567 2049 nulius
594 2018 687 2048 adest
712 2017 743 2047 in
772 2016 928 2055 pariendo
956 2015 1057 2048 dolor.

287 2066 364 2097 Fert
392 2065 486 2098 radix
514 2067 600 2097 Iesse
625 2064 747 2101 florem,
776 2063 899 2105 profert
926 2063 1064 2096 Aaronis

338 2114 442 2147 Arida
470 2115 556 2154 virga
584 2122 706 2153 nucem,
735 2113 823 2153 regia
850 2113 938 2152 virgo
965 2111 1077 2144 Deum.

206 2162 263 2197 15.
290 2163 408 2203 Regem
438 2163 597 2194 caelorum
626 2162 831 2201 paupercula,
859 2160 925 2192 filia
952 2166 1086 2199 patrem,

341 2211 486 2243 Iustitiae
513 2210 611 2242 solem
639 2209 733 2240 stella
759 2209 865 2241 Maria
892 2208 998 2241 maris.

289 2259 357 2291 Nec
381 2259 489 2300 perdit
516 2258 610 2290 radix
637 2257 751 2289 emisso
778 2256 854 2289 flore
882 2258 1030 2295 virorem,

334 2307 401 2339 Nec
427 2310 579 2339 nascente
606 2305 674 2337 Deo
701 2305 833 2346 virginis
859 2305 916 2337 illa
943 2304 1050 2337 decus.

285 2356 363 2388 Flos
390 2355 549 2389 Christus.
578 2353 716 2386 fructum
745 2354 828 2386 vitae
854 2362 1008 2394 generans
1036 2357 1065 2383 et
1093 2351 1234 2390 odorem,

201 2406 258 2439 20.
335 2405 495 2445 Perpetua
521 2406 654 2435 matrem
683 2402 867 2442 virginitate
894 2402 977 2434 beat.

170 2463 312 2492 Drsves,
335 2464 383 2486 Pia
402 2462 566 2486 Dictamina.
1232 2457 1264 2485 11
