1651 2680
321 0 324 1 ⁷
353 0 392 25 η

208 189 242 220 3.
271 187 395 227 Gaude,
422 189 512 227 virgo
537 197 622 219 nunc
647 188 758 230 Lucia,

267 234 349 265 Nam
376 234 485 265 vicisti
510 239 616 266 mente
641 235 696 274 pia

317 281 475 314 Mundum
502 285 534 312 et
561 281 741 323 diabolum3

270 328 429 366 sponsum
461 329 569 360 carnis
597 330 829 369 contempsisti,

272 375 373 407 lesum
401 376 563 407 Christum
588 376 712 416 elegisti

316 423 458 463 Eiusque
486 425 691 456 consortium.

210 518 245 548 4.
274 515 372 547 Fides
398 518 453 546 tua
478 515 675 557 impetravit,

271 564 410 596 Matrem
438 567 523 594 tuam
551 565 635 604 quod
662 565 788 596 sanavit

322 612 469 644 Christus
495 621 514 643 a
540 612 766 653 languoribus3

272 660 494 700 paganismum
524 660 702 692 detestatur

272 709 380 740 Mater
405 712 500 748 atque
528 708 709 749 baptizatur

321 757 447 795 Magnis
471 766 540 787 cum
568 757 752 789 honoribus.

221 849 252 881 5.
282 848 467 879 Facultates
494 848 677 887 expendisti

279 896 433 927 Paternas
459 904 566 926 amore
593 895 712 927 Christi

323 943 442 983 Egenis
468 948 499 973 et
526 943 731 982 pauperibus

273 991 321 1022 Ob
348 992 407 1022 hoc
433 991 521 1029 virgo
547 995 716 1022 accusatur

272 1038 313 1069 Et
341 1042 478 1078 tyranno
505 1042 727 1076 praesentatur

321 1086 454 1124 Suisque
481 1085 666 1116 tortoribus.

211 1171 242 1201 6.
272 1169 422 1200 Inimicus
448 1169 549 1199 omnis
574 1168 648 1200 boni

270 1216 412 1254 Quaerit,
442 1216 490 1246 cui
517 1216 662 1254 religioni

318 1265 357 1296 Se
384 1262 521 1294 subdere
549 1266 725 1294 censuerat.

269 1311 321 1341 Ad
349 1311 426 1341 haec
452 1310 618 1348 respondit
645 1310 743 1341 Lucia

271 1357 460 1388 constanter
485 1360 652 1395 menteque
677 1358 742 1397 pia,

315 1403 404 1442 Quod
425 1403 552 1434 Christo
571 1412 603 1434 se
622 1404 821 1439 subdiderat.

215 1499 242 1520 ι.
269 1488 358 1519 Tunc
384 1492 537 1526 tyrannus
563 1497 631 1519 cum
660 1488 768 1521 furore

267 1535 420 1566 Fremens
448 1535 527 1566 dixit
554 1540 584 1566 et
611 1537 744 1568 horrore

315 1583 365 1614 Ad
393 1583 541 1613 tenellam
570 1584 743 1621 virginem:

266 1630 336 1660 Nisi
364 1629 424 1661 diis
451 1631 506 1661 des
533 1631 692 1671 honorem,

268 1677 359 1709 Dabo
385 1679 507 1708 cunctis
534 1683 564 1710 te
590 1689 741 1719 pavorem

314 1725 355 1756 Et
383 1728 467 1756 tuam
494 1728 689 1766 progeniem.

208 1810 241 1842 8.
269 1812 451 1850 Principum
478 1813 504 1843 si
530 1814 654 1852 spernis
680 1815 762 1855 iura,

267 1858 404 1890 Deorum
432 1860 515 1899 perit
542 1862 665 1893 cultura

314 1908 348 1938 ln
376 1916 475 1938 meam
502 1910 686 1947 perniciem,

268 1954 319 1985 Sic
347 1964 415 1986 cum
443 1956 595 1995 virginem
622 1957 746 2000 affatur,

268 2002 340 2041 Ipsa
368 2003 442 2033 deos
469 2004 646 2037 detestatur

314 2050 496 2089 Horamque
523 2051 671 2092 effigiem.

206 2135 238 2166 9.
266 2134 403 2166 Deorum
431 2137 483 2175 qui
510 2137 729 2170 blandimenta

270 2183 420 2220 Credunt,
449 2184 610 2216 incurrent
638 2190 795 2219 tormenta

317 2230 506 2270 Seipsosque
533 2233 750 2272 damniticam,

266 2277 461 2309 Daemonum
490 2280 520 2310 lii
547 2285 618 2312 sunt
647 2281 796 2322 figmenta

265 2325 307 2356 Et
333 2335 353 2357 a
378 2326 468 2357 malis
494 2328 677 2368 adinventa,

313 2374 442 2408 Errant,
475 2375 527 2414 qui
555 2375 603 2407 his
626 2377 818 2411 sacrificant.

723 115 767 121 -
817 70 902 130 ⁴255·
926 83 1053 121 ·-·

887 189 943 222 10.

896 516 951 549 11.

894 848 949 882 12.

887 1169 941 1203 13.

884 1493 938 1526 14.

883 1818 937 1851 15.

881 2141 936 2174 16.

975 189 1077 221 Iudex
1103 188 1217 228 plenus
1242 191 1320 220 tuuc
1343 182 1454 221 furore

975 235 1092 276 Stupet
1117 235 1245 267 dicens:
1275 243 1412 274 quonam
1429 243 1521 266 more

1022 283 1144 322 Magna
1167 281 1250 313 haec
1273 281 1374 314 audes
1391 279 1523 320 eloqui?

978 330 1040 366 En,
1067 337 1148 368 quae
1174 337 1232 369 ego
1256 329 1370 369 loquor
1399 336 1465 367 ore,

979 377 1119 416 Spiritus
1145 376 1248 408 sancti
1273 375 1309 408 fit
1335 384 1418 416 rore,

1024 425 1123 464 Quem
1149 424 1215 455 suis
1241 424 1322 456 solet
1344 424 1457 464 ingeri.

980 516 1070 548 Tunc
1095 515 1234 547 edictum
1261 515 1490 557 promulgatur,

979 564 1031 596 Ad
1057 565 1193 603 lupanar
1218 567 1253 595 ut
1279 564 1414 595 ducatur

1026 613 1126 651 Virgo
1152 611 1272 644 Christi
1297 611 1453 652 turpiter;

977 661 1118 700 Spiritus
1141 664 1271 692 sanctus
1290 663 1365 691 tunc
1383 658 1519 701 fugatur,

978 709 1059 740 Dum
1087 708 1164 740 haec
1197 712 1335 739 scortum
1362 708 1522 749 patiatur3

1023 757 1112 788 Haec
1138 756 1289 796 cogitavit
1315 756 1470 795 nequiter.

977 847 1158 887 Respondit
1183 850 1294 878 sancta
1319 847 1428 886 puella

975 896 1136 934 Tyranno,
1163 895 1217 934 qui
1244 895 1322 926 dura
1351 895 1435 926 bella

1024 940 1147 975 Inferre
1172 943 1356 982 proposuit:

975 990 1008 1022 Si
1033 990 1153 1021 invitae
1181 990 1318 1021 violatur

976 1038 1110 1076 Corpus,
1138 1046 1254 1068 corona
1281 1037 1474 1078 duplicatur,

1021 1085 1054 1116 Si
1080 1093 1252 1115 consensus
1279 1084 1390 1117 defuit.

971 1169 1060 1200 Tunc
1086 1173 1155 1200 orat
1181 1169 1242 1200 Dei
1267 1169 1377 1211 filium,

971 1218 1014 1250 Ut
1040 1225 1130 1248 suum
1157 1217 1211 1248 det
1236 1218 1389 1248 auxilium

1015 1264 1067 1296 Ab
1094 1273 1194 1303 eoque
1219 1270 1384 1306 servetur;

969 1311 1021 1342 Sic
1047 1311 1136 1351 virgo
1163 1313 1283 1345 Christi
1308 1313 1425 1345 nobilis

970 1359 1067 1391 Stetit
1091 1363 1124 1390 ut
1150 1369 1241 1391 mons
1266 1361 1439 1393 immobilis

1014 1407 1081 1438 Nec
1108 1407 1183 1438 inde
1209 1414 1402 1442 removetur.

967 1493 1033 1524 Ista
1059 1494 1156 1525 iudex
1185 1495 1259 1525 dum
1285 1497 1442 1535 percepit,

968 1540 1162 1581 Spiculatori
1189 1545 1362 1582 praecepit.

1017 1589 1059 1621 Ut
1086 1589 1260 1622 decollaret
1287 1592 1462 1632 virginem:

965 1637 1062 1668 Cuius
1089 1640 1198 1676 guttur
1223 1638 1413 1679 perforavit,

968 1683 1065 1716 Sacer
1091 1693 1185 1716 cruor
1210 1687 1284 1718 hinc
1309 1689 1451 1720 manavit

1013 1733 1087 1764 Mox
1114 1733 1146 1764 in
1173 1738 1278 1766 terrae
1305 1737 1480 1775 pulverem.

964 1818 1156 1859 Dimisitque
1182 1821 1214 1852 in
1242 1822 1374 1854 vulnere

964 1866 1082 1898 Ensem
1109 1872 1139 1898 et
1167 1870 1271 1909 coepit
1299 1869 1410 1911 fugere

1012 1915 1130 1954 Magno
1157 1925 1226 1948 cum
1252 1919 1376 1951 timore.

966 1962 1051 1994 Mira
1076 1967 1185 2002 patent
1212 1965 1245 1996 in
1272 1967 1406 2007 virgine,

966 2011 1056 2049 Quod
1086 2011 1163 2042 haec
1187 2012 1228 2043 de
1246 2023 1360 2055 magno
1381 2025 1512 2048 munere

1015 2057 1133 2090 Christi
1160 2058 1222 2090 fert
1249 2066 1281 2092 et
1306 2072 1425 2096 amore.

963 2143 1041 2175 Orat
1067 2152 1127 2182 pro
1154 2145 1238 2177 vitae
1263 2149 1378 2192 spatio,

964 2190 1007 2223 Ut
1035 2192 1179 2230 corporis
1205 2195 1324 2228 solacio

1013 2239 1134 2271 Christi
1160 2242 1355 2284 muniretur3

964 2287 1087 2318 Assunt
1108 2288 1248 2321 ministri
1273 2293 1371 2332 ocius,

963 2334 1209 2367 Commuuieant
1235 2337 1392 2383 devotius,

1013 2383 1194 2422 Antequam
1219 2393 1410 2423 moreretur.
