1651 2680
557 239 618 271 107.
660 241 701 272 De
724 241 822 274 Beata
844 242 943 275 Maria
964 244 999 275 V.

303 335 412 369 Mater
437 338 528 378 virgo
554 339 625 375 Dei,
654 341 751 372 decus
775 342 874 384 orbis,
900 343 996 375 ianua
1022 345 1114 381 caeli,

352 385 407 417 Ad
433 388 464 416 te
490 387 681 419 clamantum
709 391 837 430 suscipe
864 394 937 423 vota
962 401 1103 431 precum.

304 431 363 475 Tu,
390 433 500 473 regina
527 435 604 475 poli,
632 441 665 467 tu
692 437 780 468 sidus
807 439 958 477 praeclue
985 440 1104 481 mundi,

350 481 414 514 Ora
440 491 500 521 pro
526 483 628 524 nobis,
657 483 768 516 confer
793 495 885 525 opem
912 487 1048 520 miseriS.

242 529 273 561 5.
301 528 350 560 Tu
375 529 574 569 suspirantes
602 532 641 562 de
669 532 757 564 caelo
781 534 916 575 respice,
945 538 1056 573 mater,

347 577 389 609 Et
416 586 455 608 ne
481 578 638 619 labamur,
666 580 772 619 tende,
802 581 948 621 benigna,
975 591 1100 616 manus.

297 624 448 664 Quamvis
474 627 505 658 in
532 627 612 658 solio
639 628 760 669 sedeas,
789 631 908 668 regina,
938 639 1087 670 superne,

343 672 410 705 Nos
436 676 541 706 tamen
568 675 600 705 in
627 680 715 707 terra
742 678 974 716 compatienter
999 679 1083 710 iuva.

298 720 396 753 Placa
422 730 586 754 censorem
613 724 748 765 miseris,
776 730 886 756 averte
912 735 1094 757 mucronem

214 767 268 801 10.
343 769 443 801 Nobis
469 776 565 810 atque
591 771 678 810 pium
705 774 839 804 concilia
867 773 1047 806 Dominum.

295 817 384 849 Inter
408 816 570 859 fluctivagi
597 828 671 860 rege
697 829 753 851 nos
781 822 966 853 discrimina
992 823 1102 854 mundi

342 867 392 898 Ac
417 874 545 906 semper
570 867 665 899 stella
692 869 824 900 caelitus
851 870 987 904 irradia.

292 913 345 956 Et,
372 914 478 945 subito
505 915 569 946 vita
596 924 665 947 cum
694 925 776 947 mors
803 918 990 956 spoliaverit
1017 927 1100 955 ossa,

340 962 390 994 Sis
415 971 568 1001 praesens
592 965 727 1005 animae,
754 974 793 996 ne
820 970 930 1004 pereat
954 966 1077 1000 misere,

209 1008 264 1041 15.
290 1010 376 1042 Arce
402 1011 513 1050 procul
540 1011 658 1050 hostes,
686 1011 795 1044 furvas
823 1014 972 1053 dirasque
999 1014 1186 1055 phalanges,

338 1058 476 1097 Spiritus
502 1059 629 1090 incedat
656 1069 714 1099 per
739 1060 808 1092 loca
835 1060 972 1095 luciflua.

289 1105 361 1138 Non
389 1106 497 1138 videat
523 1116 641 1146 manes,
669 1108 743 1140 Orci
770 1118 832 1140 non
859 1110 976 1141 sentiat
1000 1111 1102 1150 ignes,

339 1154 499 1186 Pallentes
526 1155 655 1187 umbras
680 1161 711 1186 te
739 1156 818 1188 duce
845 1156 1021 1198 profugiat.

289 1200 405 1234 Obviet
430 1203 592 1244 angelicus
618 1204 678 1235 sibi
705 1212 777 1236 mox
805 1215 874 1236 cum
902 1205 1020 1236 lumine
1047 1209 1168 1244 coetus,

204 1249 260 1281 20.
336 1251 393 1290 Qui
420 1249 504 1282 ferat
529 1251 613 1282 hunc
638 1252 743 1284 aulam
771 1254 854 1294 regis
881 1254 921 1283 ad
949 1254 1140 1295 aetheream,

289 1298 359 1330 Rex
387 1298 439 1330 ubi
466 1300 613 1331 caelestis
639 1300 780 1340 propriis
807 1302 947 1340 partitur
973 1301 1095 1341 amicis,

336 1347 395 1387 Qui
422 1347 571 1387 placuere
597 1348 668 1386 sibi,
695 1351 839 1388 praemia
866 1359 924 1389 pro
951 1349 1084 1380 meritis.

173 1449 253 1477 Orat.
279 1459 332 1478 ms.
358 1451 541 1480 Benedictin.
560 1452 706 1486 (Monial.)
726 1462 801 1481 saec.
827 1452 898 1480 ¹25³.
946 1454 1017 1482 Cod.
1046 1454 1123 1481 Bibl.
1146 1454 1242 1489 Capit.
1266 1454 1421 1482 Schaffna-

97 1487 216 1523 burgen.
239 1486 302 1516 181.
323 1505 355 1509 —
377 1491 418 1517 Zu
440 1499 466 1516 v.
488 1492 506 1519 3
527 1492 585 1528 vgl.
607 1492 657 1520 Nr.
686 1491 746 1523 104.
769 1494 829 1521 Str.
853 1491 896 1524 12,
918 1492 945 1520 2.

536 1605 598 1636 108.
639 1606 680 1636 De
702 1605 801 1637 Beata
825 1605 925 1636 Maria
946 1607 981 1636 V.

283 1704 391 1746 Virgo,
419 1707 517 1738 maris
544 1706 647 1740 stella.
675 1708 762 1738 Iesse
790 1707 829 1736 ‹le
853 1706 954 1746 stirpe
982 1705 1097 1748 puella,

283 1754 382 1792 Quam
411 1754 450 1785 de
476 1758 569 1795 gente
595 1753 700 1786 David
729 1754 830 1786 virtus
858 1754 967 1785 ‹livina
991 1755 1127 1795 vocavit,

282 1801 327 1834 Ut
348 1802 447 1834 verbo
470 1803 574 1843 patris
599 1801 692 1834 fieres
716 1802 896 1833 substantia
923 1803 1044 1839 matris,

279 1849 324 1882 Ut
349 1859 480 1891 pareres
507 1851 679 1888 Christum,
706 1851 758 1890 qui
787 1851 937 1882 mundum
965 1851 1103 1881 solveret
1130 1851 1237 1891 istum,

221 1900 252 1931 5.
281 1898 335 1931 Sic
360 1900 454 1931 etiam
481 1909 623 1941 parcreS,
652 1909 691 1930 ne
718 1899 902 1939 virginitate
929 1907 1066 1938 careres,

281 1948 427 1980 Foedere
454 1949 550 1988 digna
576 1949 645 1988 pari
672 1949 817 1987 genetrix
844 1951 873 1978 et
901 1948 991 1988 virgo
1018 1948 1135 1988 vocari,

277 1997 324 2029 Te
350 2006 438 2035 voco,
467 1997 556 2037 virgo
582 1996 644 2035 pia,
673 1998 891 2036 genetrixque.
920 1996 1059 2035 requiro,
1087 1995 1205 2033 Maria,

277 2045 323 2078 Ut
348 2047 498 2076 miserum
525 2053 629 2083 sanes,
657 2054 749 2075 curas
775 2045 828 2084 qui
855 2048 973 2075 tractat
1000 2044 1122 2083 inanes,

274 2093 318 2125 Et
342 2094 451 2125 miseri
478 2103 572 2125 curas
599 2092 716 2124 divinis
742 2092 869 2133 ignibus
893 2101 976 2124 uras.

191 2142 247 2176 10.
275 2141 350 2174 Sum
377 2142 485 2183 miser,
511 2142 668 2173 obscenus
692 2141 851 2181 nimiaque
877 2141 1048 2180 putredine
1074 2141 1198 2180 plenus,

276 2190 430 2231 Complue
456 2189 597 2231 peccatis
624 2189 770 2221 caelestis
796 2198 894 2229 aquas
922 2188 1051 2228 pietatis

273 2238 403 2279 Facque
428 2242 483 2271 tuo
509 2239 608 2270 lotum
636 2237 721 2269 dulci
748 2237 959 2269 medicamine
985 2242 1097 2276 totum,

272 2287 435 2328 Quidquid
462 2291 535 2328 post
561 2295 685 2318 sacrum
713 2286 871 2317 commisit
897 2286 991 2325 culpa
1016 2285 1190 2318 lavacrum.

271 2336 332 2376 Qui
356 2345 416 2376 per
440 2345 491 2368 me
515 2335 619 2373 labor,
646 2343 806 2374 nunquam
832 2334 902 2366 sine
928 2338 959 2365 te
987 2334 1173 2374 revocabor‚

188 2385 244 2420 15.
271 2384 415 2428 Porrige,
444 2385 546 2425 virgo.
573 2392 711 2417 manum.
739 2383 845 2414 subito
872 2391 921 2414 me
948 2382 1050 2414 sentio
1077 2391 1199 2416 sanum.
