1651 2680
705 86 961 121 —286-

589 247 657 278 252.
700 247 741 278 De
761 248 867 277 saneto
889 246 1078 278 Leonhardo.

167 348 256 387 .Ave‚
285 345 449 378 confessor

226 394 393 426 Leonarde
421 394 491 425 Iesu
516 394 649 434 Christi,

176 442 234 480 Qui
260 443 374 482 gaudia
402 445 533 473 aeterna

224 499 243 520 a
268 490 335 521 Deo
361 490 513 525 meruisti,

176 537 238 568 Hic
263 538 295 568 in
319 537 413 569 terris
439 536 527 568 fuisti
554 542 662 577 gratus

176 585 219 615 Et
245 585 276 615 in
303 586 390 616 caelo
417 585 614 618 sublimatus.

178 632 225 663 Tu
252 642 284 663 es
311 634 391 664 enim
419 631 608 663 afflictorum

225 684 256 710 et,
282 684 471 712 maestorum
498 682 685 714 consolator.

177 728 383 767 Captivorum

225 780 255 806 et
281 775 476 807 infirmorum
503 776 665 807 liberator.

176 823 268 854 Nunc
294 825 363 862 pius
390 824 432 854 sis
459 824 587 855 adiutor

176 870 227 901 Ab
253 872 398 911 omnique
425 872 566 910 periculo
592 874 679 903 tutor

176 918 281 958 Atque
307 924 393 950 tuum
420 928 477 958 per
503 928 630 950 oramen

177 967 305 998 Cunctis
332 967 434 1006 prosis
461 967 500 997 ad
528 967 678 1002 solamen,

174 1014 233 1052 Qui
260 1018 290 1044 te
316 1018 469 1053 quaerunt
497 1019 601 1045 mente
628 1024 717 1054 pura,

176 1062 212 1092 ln
240 1070 426 1101 quacunque
454 1066 581 1093 manent
607 1071 693 1094 cura.

177 1109 293 1139 Precor
318 1113 402 1140 tuam
430 1110 579 1147 pietatem

176 1157 215 1186 Et
243 1157 425 1188 immensam
452 1158 626 1194 caritatem,

176 1204 217 1235 Ut
244 1204 275 1235 in
302 1204 418 1235 nostris
445 1205 686 1244 paupertatibus

175 1251 215 1282 Et
243 1253 388 1291 corporis
414 1252 656 1283 necessitatibus

176 1298 278 1330 Nobis
304 1300 383 1330 velis
408 1299 576 1330 subvenire

175 1346 217 1377 Et
242 1356 303 1377 11011
330 1347 414 1378 sinas
439 1356 496 1377 nos
522 1348 629 1378 subire

249 1442 329 1466 orat.
362 1438 410 1466 ins.
439 1439 611 1466 Patavieuse
643 1449 717 1467 saec.
741 1438 783 1466 15.

866 346 973 379 Ullam
998 354 1125 378 causam
1149 345 1300 377 laesionis

863 395 970 433 Atque
995 401 1166 434 perversae
1191 393 1362 425 suasionis.

863 442 935 473 Diei
961 442 1127 480 noctisque
1152 441 1231 472 hora

865 490 924 520 Pro
949 489 1040 520 nobis
1066 488 1168 520 Deum
1194 497 1305 526 exora,

862 537 905 570 Ut
930 537 982 568 hic
1006 545 1097 568 omne
1123 536 1241 568 malum
1268 536 1435 567 vincamus

860 585 901 616 Et
930 584 1057 616 Christo
1083 584 1156 615 Iesu
1180 584 1491 623 adpropinquamUS,

861 632 904 665 Ut
930 642 948 664 a
975 631 1100 664 delictis
1126 631 1234 662 mundi
1260 632 1319 663 tuti

862 680 998 712 Contriti
1023 684 1117 718 atque
1144 679 1252 711 devoti

860 728 903 759 Et
928 737 947 759 a
972 732 1073 759 morte

907 775 1047 807 secunda
1071 783 1132 805 non
1157 783 1367 813 pavescamus

860 823 971 863 Neque
996 824 1028 854 in
1054 826 1228 861 conspectu

906 871 1022 902 iudicis
1049 869 1280 910 erubescamus,

859 919 922 950 Sed
947 923 1018 958 post
1044 918 1104 948 hoc
1129 917 1275 948 exsilium

861 966 1021 997 Possimus
1049 965 1107 997 Dei
1132 964 1234 996 filium

860 1014 1045 1045 Gaudentcr

907 1061 1123 1101 contemplare
1149 1069 1219 1090 cum
1247 1059 1350 1090 beatis

859 1110 894 1140 In
922 1112 1093 1150 conspectu

907 1157 1034 1188 divinae
1058 1155 1244 1193 maiestatis,

857 1205 946 1243 Quod
973 1204 1064 1236 nobis
1090 1207 1256 1242 praestare
1285 1203 1437 1243 dignetur

858 1252 974 1283 Sancta
1001 1251 1138 1289 trinitas,
1166 1260 1248 1290 quae
1273 1250 1437 1290 laudetur,

858 1300 953 1331 Pater
979 1303 1009 1329 et
1035 1299 1120 1330 filius

857 1347 899 1378 Et
925 1352 1052 1378 sanctus
1077 1345 1227 1384 Spiritus.

833 1439 901 1466 Cod.
929 1439 1099 1466 Gottwiceu.
1130 1438 1196 1465 444.
1223 1454 1260 1458 —
1289 1437 1306 1466 9
1335 1440 1374 1466 Et
1405 1438 1483 1473 quod

171 1483 262 1504 tuum.
284 1492 319 1496 —-
341 1480 400 1504 Der
419 1478 492 1503 Text
515 1478 565 1504 des
586 1478 687 1505 Lierles
716 1479 754 1504 ist
775 1486 812 1504 au
833 1479 949 1513 einigen
971 1478 1082 1505 Stelien
1103 1486 1135 1504 so
1157 1477 1339 1512 rhythmisch
1364 1477 1481 1513 richtig,

171 1516 234 1542 dass
258 1524 323 1542 man
349 1516 398 1542 ihu
419 1524 455 1541 an
478 1516 587 1543 andern
608 1517 652 1543 fiir
674 1516 808 1543 verderbt
829 1516 928 1543 halten
949 1517 1072 1543 niochte.

597 1675 661 1705 253.
704 1675 744 1705 De
766 1677 872 1705 saneto
894 1675 1055 1716 Leopoldo.

365 1775 390 1807 Ο
416 1774 476 1806 flos
501 1776 680 1813 primatum,
711 1774 806 1805 decus
833 1784 850 1805 o
880 1774 1042 1814 Leopolde
1068 1774 1206 1811 beatum,

366 1824 524 1862 Perpetuo
548 1827 682 1862 gratum
710 1822 802 1853 modo
828 1823 911 1861 quod
938 1827 1047 1854 teneas
1075 1823 1280 1865 dominatum,

364 1871 452 1910 Quod
478 1870 537 1900 tibi
561 1871 721 1902 stellatum
747 1869 860 1900 solium
886 1871 927 1901 sit
953 1875 1187 1911 perpetuatum,

364 1919 421 1951 Est
450 1918 644 1949 declaratum
671 1927 728 1958 per
754 1917 905 1957 signaque
932 1919 1027 1959 digna
1052 1918 1232 1959 probatum.

364 1966 504 2003 Virginis
531 1966 571 1997 ad
598 1971 717 2003 natum,
745 1965 796 2004 pie
822 1966 973 2004 marchio,
1002 1965 1100 1998 funde
1126 1971 1305 2006 precatum.

366 2014 457 2046 Hunc
484 2012 535 2045 fao
563 2014 732 2052 placatum,
760 2018 901 2044 nostrum
924 2023 1019 2053 prece
1044 2018 1133 2054 terge
1157 2018 1292 2048 reatum.

364 2063 423 2094 Ast
449 2062 638 2092 intentatum
665 2060 771 2102 Stygis
797 2066 923 2093 avertas
949 2063 1133 2103 cruciatum,

363 2110 412 2142 Da
438 2119 495 2140 cor
520 2109 690 2148 placatum,
717 2108 759 2139 sit
784 2113 818 2139 ut
843 2109 876 2140 in
903 2109 1030 2142 Christo
1056 2110 1240 2148 solidatum,

365 2157 409 2189 Te
436 2157 515 2188 duce
543 2157 688 2198 ditatum,
713 2156 806 2188 simul
832 2157 1007 2196 angelicum
1037 2157 1219 2190 comitatum

365 2205 568 2244 Felicemque
593 2209 718 2247 statum,
747 2205 815 2235 sine
838 2204 900 2236 fine
927 2205 1018 2238 bunis
1045 2205 1248 2245 cumulatum,

366 2252 432 2285 Nos
459 2254 688 2292 praestolatum
715 2250 814 2284 facias
840 2253 983 2292 reperire
1010 2257 1169 2293 pacatum.

243 2348 363 2376 collect.
391 2356 443 2373 ms.
465 2349 493 2373 S.
514 2348 628 2375 Mariae
657 2347 694 2375 ad
715 2348 818 2374 scotos
842 2356 917 2375 saec.
940 2347 985 2376 15.
1023 2347 1093 2376 eod.
1113 2348 1321 2377 Vindobonen.
1342 2347 1428 2378 4257.
1448 2363 1487 2369 —

167 2388 228 2414 Das
249 2387 373 2415 Gedieht
395 2388 512 2412 stammt
532 2386 606 2413 nach
630 2386 750 2422 Aug-abe
771 2385 821 2412 der
842 2387 896 2413 Hs.
919 2395 972 2414 aus
993 2388 1050 2415 den
1070 2386 1182 2414 Jahren
1206 2386 1366 2417 1323—25.

1602 10 1612 21 a

1617 0 1651 106 ’.αὖ
