1651 2680
653 104 915 140 —143—

130 203 188 236 49.
218 198 248 234 0
272 200 344 241 quis
369 203 477 240 potest
502 210 680 234 memorare
829 203 883 235 52.
910 201 1035 239 Dulcis,
1062 210 1143 241 pura
1168 206 1263 242 atque
1291 201 1385 239 mitis,

213 251 318 283 Tuum
342 247 436 280 nobis
461 249 614 290 salutare,
912 249 1024 281 Nonne
1052 254 1085 280 tu
1111 257 1144 281 es
1171 259 1247 281 vera
1274 249 1347 281 vitis

213 298 372 336 Quantum
398 301 469 330 erat
492 297 736 337 opportunum?
914 297 1003 328 Vitae
1030 296 1167 330 fructum
1193 298 1356 330 afferendo
1367 298 1382 327 ’.Α

214 345 289 378 Sine
314 345 385 384 ipso
410 344 625 385 importunum
911 345 1043 377 Gabriel
1070 345 1116 376 sic
1142 345 1312 377 referendo

214 392 414 425 Haberemus
439 393 601 424 inimicum
910 393 956 424 Te
980 393 1126 424 laudavit
1152 394 1353 425 benedictam

263 441 397 480 Semper
424 446 579 474 nostrum.
958 442 1047 472 luter
1072 450 1192 474 omnes.

135 558 188 591 50.
218 556 278 588 Ρία
306 554 367 587 fuit
392 555 449 588 illa
474 557 566 596 hora,
829 558 884 589 53.
916 556 1012 596 Viryo
1040 555 1150 587 vivens
1177 556 1244 587 sine
1270 556 1352 587 labe.

217 608 284 644 Qua
309 609 344 636 tu
369 603 438 635 Deo
463 606 531 636 sine
559 613 648 636 mora
914 605 949 635 In
976 608 1007 634 te
1034 607 1192 642 tamquam
1222 604 1313 635 firma
1338 604 1430 634 trabe

216 651 424 691 Respondisti
451 661 520 684 esse
546 656 738 692 promptam,
912 652 1038 683 Mentes
1064 657 1192 683 nostrae
1218 656 1447 690 sustentantur,

216 700 357 740 Angelus
383 700 507 731 invenit
534 705 703 741 comptam,
914 700 1021 731 Corda
1046 703 1156 730 nostra
1182 705 1213 730 te
1240 704 1423 739 precantur,

217 748 288 780 Non
314 747 420 778 studio
446 757 547 788 neque
574 757 650 780 cura
915 748 958 780 Ut
983 756 1021 778 ne
1046 756 1184 786 unquam
1210 748 1344 787 patiaris

265 795 327 828 Sed
352 799 477 828 natura.
958 795 1024 826 Nos
1053 795 1207 828 desertos.

137 914 190 946 51.
216 911 243 945 O
267 912 411 951 inquam,
442 912 530 951 virgo
556 911 728 949 laudanda,
827 911 882 943 54.
910 911 1026 942 illaria
1054 911 1135 941 iuste
1163 911 1295 947 vocaris,

217 959 754 1000 Quispotest,quaepraedicandae
909 958 990 990 Nam
1011 963 1055 998 tu,
1077 960 1211 997 pulchra
1229 958 1324 989 stella
1337 957 1447 995 maris,

217 1007 297 1040 Sunt
324 1007 364 1038 de
389 1011 431 1047 te,
458 1013 545 1040 recte
571 1006 728 1038 narrare?
909 1007 1023 1037 Totum
1050 1006 1158 1037 orbem
1186 1006 1359 1040 luminasti,

217 1055 289 1087 Tibi
317 1055 468 1088 dicimus:
501 1055 647 1090 Laetare,
910 1054 1018 1086 Genus
1045 1059 1186 1085 nostrum
1215 1053 1374 1085 decorasti

217 1107 304 1143 Quae
328 1104 465 1143 portasti
490 1103 681 1135 salvatorem
909 1102 1082 1134 Afferendo
1109 1103 1199 1133 nobis
1227 1102 1327 1133 Deum

267 1152 357 1183 Vitae
382 1156 521 1183 nostrae.
957 1151 1172 1182 lucarnatum.

459 1269 514 1299 55.
542 1266 647 1297 Amen
676 1266 762 1298 dicat
786 1265 841 1296 ille
868 1265 972 1296 Deus:

542 1314 660 1355 Mater,
688 1314 739 1344 hic
766 1313 903 1353 populus
931 1322 1017 1343 meus

543 1363 707 1394 Ascendat
734 1362 765 1393 in
791 1362 988 1401 paradisum,

545 1412 620 1450 Iste,
648 1419 739 1450 quem
766 1410 798 1440 in
825 1415 856 1440 te
883 1410 1033 1440 confisum

545 1459 661 1490 Libens
687 1458 778 1490 audis
805 1461 836 1488 te
863 1462 1045 1497 precantem

590 1507 631 1538 Et
658 1506 852 1539 laudantem.

199 1621 279 1648 Orat.
301 1630 352 1648 ms:
374 1621 543 1648 Parisiense
564 1619 602 1656 [ll
625 1630 701 1647 saeC.
726 1618 798 1654 15116,
841 1620 910 1646 cod.
933 1620 1059 1646 Parisin.
1085 1616 1169 1646 36:59.
1192 1634 1226 1637 —
1249 1619 1331 1646 Nae-11
1348 1619 1404 1644 Str.
1429 1616 1445 1644 5

124 1660 237 1687 seheint
257 1661 321 1687 eine
338 1660 472 1694 strophe,
496 1661 547 1686 mit
563 1657 601 1685 El
624 1658 800 1694 beginnend,
822 1658 1004 1693 ausgefallen
1026 1666 1061 1684 zu
1083 1660 1154 1686 sein,
1177 1673 1213 1676 —
1236 1659 1287 1684 Bei
1310 1657 1373 1683 dem
1390 1658 1445 1683 Ge-

123 1698 219 1725 dichte
242 1698 319 1725 steht
340 1699 368 1724 in
389 1697 440 1726 der
463 1700 514 1726 Hs.
537 1699 588 1725 dei·
611 1697 769 1724 Vermerk:
794 1697 915 1731 „Petri
944 1696 1158 1723 Ludovisi'·*.

376 1947 421 1977 97.
462 1947 535 1978 Alia
557 1946 691 1987 pulchra
713 1948 816 1976 metra
837 1953 932 1985 super
955 1944 1046 1975 Salve
1070 1945 1193 1983 regina..

308 2067 413 2104 Salve,
441 2066 499 2099 flos
526 2066 650 2106 florum,
677 2066 742 2107 lux,
771 2066 847 2102 vita,
875 2065 961 2097 salus
988 2065 1187 2102 miserorum,

309 2115 428 2148 Semita
454 2116 618 2152 iustorum,
647 2114 819 2146 mediatrix
845 2114 929 2145 alma
955 2117 1090 2154 tuorum,

306 2164 403 2197 Felix
429 2167 541 2203 mater,
569 2172 638 2203 ave,
665 2172 727 2203 qua
754 2162 889 2194 mundus
916 2161 1051 2193 solvitur
1077 2170 1095 2191 a
1124 2171 1190 2200 vae,

307 2213 396 2252 Quae
421 2212 566 2253 genetrix
596 2211 685 2243 Evae
711 2219 769 2242 vae
794 2209 872 2242 fecit
897 2210 1002 2241 omnia
1028 2209 1137 2242 breve.

307 2261 333 2293 Ο
359 2262 505 2301 genetrix
531 2260 594 2302 pia,
623 2268 673 2291 me
698 2259 800 2299 salva,
829 2259 918 2299 virgo
946 2257 1061 2295 Maria,

305 2309 349 2342 Et
375 2317 447 2342 mea
471 2313 606 2350 peccata
632 2307 704 2340 dele
729 2311 775 2347 tu,
802 2316 890 2348 rogo,
915 2307 1003 2346 virgo
1031 2305 1146 2338 Maria.

196 2426 276 2454 Orat.
299 2433 351 2452 ms.
374 2425 577 2452 Lambaceme
599 2432 675 2450 saee.
698 2420 771 2449 ¹⁵lie.
812 2421 884 2450 Cod.
906 2421 1083 2448 Lambacen.
1107 2419 1170 2449 756.
