1651 2680
687 99 919 135 -73—

541 199 573 231 5.
600 196 726 238 Tantis,
753 200 848 237 pater
872 196 1035 239 luminum,

648 244 741 276 donis
767 244 956 276 benedictus

601 291 651 323 Sis
678 295 713 323 tu
739 295 771 323 et
797 292 1001 324 dulcedinum

648 342 683 371 tu
709 340 843 380 spiritus
866 340 982 379 dictus,

599 387 653 427 Et,
681 396 700 418 o
727 387 817 428 virgo
841 388 1009 428 virginum

648 435 770 467 ventris
796 435 843 466 tui
869 434 1002 475 fructus,

600 483 661 522 Qui
687 483 798 514 mundi
823 484 1009 523 voraginum

650 530 819 570 dissipavit
844 531 960 563 luctus.

215 616 296 644 Orat.
319 624 372 642 ms.
395 616 559 650 Campense
581 616 651 641 anni
676 612 759 642 1462.
791 615 861 642 Cod.
884 614 1100 642 Darmstadien.
1124 614 1189 642 521.
1211 630 1248 635 -·
1272 614 1294 648 1,
1310 614 1328 641 3
1348 615 1464 646 Precor,

137 663 183 682 me
203 655 365 690 permittas.
387 668 426 672 —
448 652 472 685 1,
497 652 513 680 7
536 653 680 688 hylerato.
702 667 739 671 —
761 652 788 687 5,
809 652 826 680 5
848 662 864 680 o
885 653 966 680 fehlt.
987 667 1024 671 —
1044 654 1105 680 Der
1120 655 1203 681 Reim
1225 654 1276 680 der
1297 653 1463 689 unget-aden

136 693 237 721 Zeilen
258 692 330 719 fehlt
351 693 381 718 in
403 692 461 719 Str.
484 690 502 719 2
523 691 583 718 und
604 692 644 718 ist
665 692 777 727 stumpf
797 692 828 718 in
851 691 907 718 Str.
933 691 956 718 1.

225 1366 280 1398 10.

227 1605 281 1638 15.

213 1689 373 1717 Comment.
401 1698 454 1716 ms.
480 1689 577 1721 (Beati
599 1690 629 1715 in
654 1688 787 1724 Apocal.)
810 1688 839 1716 S.
865 1688 965 1716 Severi
988 1689 1019 1715 in
1043 1689 1193 1716 Vasconia
1217 1698 1292 1716 saec.
1322 1688 1364 1717 ll.

478 842 527 873 49.
569 842 688 873 Versus
711 841 747 872 de
770 840 950 882 Epiphania
972 840 1101 872 Domini.

309 933 379 965 Lux
406 942 489 964 nova
515 932 661 964 sublimis
691 932 732 964 de
758 931 846 964 caelo
874 930 974 972 fulget
999 932 1031 963 in
1058 932 1149 974 imis;

310 981 398 1013 Luce
424 980 485 1012 Dei
512 981 618 1021 plena,
646 988 728 1020 quae
753 980 872 1019 gaudia
896 983 1053 1011 monstrat
1078 989 1222 1018 amoena,

308 1028 463 1060 Noscitur
488 1028 568 1060 haec
594 1028 692 1059 stella
718 1027 888 1059 Dominum
915 1028 1060 1067 pariente
1090 1029 1208 1069 puella,

307 1076 390 1108 Nam
418 1080 494 1107 nato
522 1076 653 1108 Christo
679 1075 798 1107 mundo
825 1075 965 1107 radiavit
990 1075 1021 1106 in
1049 1076 1121 1107 isto.

311 1125 416 1165 Reges
443 1129 515 1164 post
542 1124 666 1155 stellam
692 1126 849 1163 quaerunt
875 1132 1071 1162 puerumque
1098 1124 1248 1162 puellam,

309 1172 455 1204 Gentiles
483 1172 561 1203 dicti
588 1171 725 1203 subeunt
752 1170 910 1202 cunabula
936 1170 1068 1203 Christi.

307 1222 443 1260 Aurum,
471 1223 522 1251 tus
551 1220 664 1251 dantes
690 1227 905 1259 murramque,
933 1219 1034 1250 Deum
1062 1224 1263 1251 venerantes,

307 1269 432 1308 Perque
458 1267 554 1299 fidem
581 1277 694 1307 puram
721 1267 784 1298 tria
811 1267 939 1306 signant
963 1276 1055 1298 sacra
1081 1266 1224 1306 figuram.

307 1316 402 1348 Hunc
428 1316 591 1348 Christum
618 1324 753 1355 puerum
780 1314 965 1346 studeamus
992 1314 1125 1346 credere
1152 1325 1274 1352 verum,

307 1365 442 1404 Semper
468 1363 640 1402 viventem,
669 1366 866 1405 regnantem,
894 1363 951 1394 sed
978 1363 1176 1396 morientem.

305 1412 367 1444 Est
393 1411 527 1444 Gabriel
557 1412 662 1444 dictus
689 1411 746 1443 tali
773 1419 918 1442 sermone
943 1412 1084 1450 potitus:

307 1461 373 1492 Pax
400 1460 443 1491 sit
469 1469 546 1491 vera
572 1459 664 1491 bonis
690 1459 845 1492 virtutum
871 1462 1005 1500 perpete
1033 1459 1135 1499 donis,

307 1509 359 1541 Ex
385 1508 474 1540 caelo
501 1508 585 1539 natis
612 1508 655 1539 sit
679 1507 783 1548 gloria
807 1512 919 1539 saneta
945 1507 1059 1541 beatis,

307 1556 395 1597 Ergo
421 1556 570 1598 nitamur,
600 1565 662 1596 quo
688 1564 765 1587 vera
788 1564 867 1596 pace
894 1554 1047 1587 fruamur.

309 1604 422 1637 Gloria
447 1608 630 1636 sanctorum
657 1604 700 1635 sit
726 1603 817 1635 nobis
843 1613 965 1635 summa
991 1603 1149 1643 polorum.

135 1729 263 1756 Pax-isin.
284 1726 368 1756 8878.
391 1728 457 1755 add.
480 1736 557 1755 saec.
582 1726 625 1754 11.

411 1880 461 1911 50.
502 1878 612 1910 Oratio
634 1878 671 1910 de
691 1878 749 1910 hoc
769 1877 934 1919 praedulci
954 1877 1079 1909 nomine
1103 1877 1182 1910 lesu.

147 1973 178 2006 1.
205 1972 286 2010 Ave,
313 1972 397 2013 Iesu,
842 1970 875 2002 2.
902 1969 1001 2008 Quem
1028 1968 1186 2000 hominem

251 2029 368 2052 nomen
393 2017 552 2057 mirabile,
951 2020 1075 2048 tantum
1103 2016 1256 2060 dilexisti,

204 2068 314 2101 Patris
336 2067 469 2100 verbum
905 2065 997 2104 Quod
1022 2064 1169 2105 protinus

253 2115 471 2148 inenarrabile
952 2112 1013 2144 sibi
1039 2112 1203 2145 subiecisti

301 2166 410 2204 Atque
434 2162 605 2203 sapientia.
1001 2161 1115 2193 Omnia
1140 2163 1317 2195 terrestria.

204 2214 242 2246 In
269 2212 416 2245 omnibus
904 2208 963 2248 Qui
990 2209 1121 2241 vetitum

253 2270 314 2302 par
340 2269 374 2292 es
400 2259 551 2301 genitori,
953 2266 1081 2298 pomum
1109 2258 1171 2290 cito
1197 2258 1306 2300 edens,

204 2309 270 2343 Per
296 2313 326 2341 te
352 2307 431 2340 facti
905 2304 946 2338 Se
971 2313 1108 2345 suosque

255 2360 331 2390 sunt
356 2356 513 2388 caelestes
539 2354 640 2394 chori,
953 2357 1055 2385 morte
1082 2351 1150 2387 fera
1173 2355 1316 2396 laedens,

302 2405 459 2438 Homines
486 2408 519 2437 et
543 2403 660 2437 omnia.
1002 2402 1120 2434 Amisit
1146 2404 1308 2437 caelestia.

1394 1688 1463 1715 Cod.
