1651 2680
701 105 937 140 *39-

391 201 423 236 8.
450 200 548 234 Dulci
575 204 724 242 respectu
750 203 822 234 Iesu
847 201 1022 234 vulnerasti

448 249 592 289 Petrum,
620 250 794 290 collapsum
821 251 874 290 pie
899 249 1085 290 sublevasti,

448 296 511 330 Cor
537 296 741 338 frigefactum
768 297 894 329 fervere
919 296 1025 329 fecisti

546 346 623 386 Igne
649 345 779 378 amoris.

390 432 423 464 9.
450 431 504 463 Ad
531 439 601 462 eum
628 431 721 462 dulce
747 431 892 470 intuitus,
919 431 1000 473 Iesu,

449 478 598 511 Saucium
625 488 740 510 sanans
767 479 955 519 erigensque
981 487 1098 517 casum,

447 526 586 558 Aridum
614 530 742 558 vertens
768 527 800 558 in
826 536 936 558 amaro
960 525 1036 557 fletu

546 574 665 606 Maesti
693 575 855 608 maeroris,

368 661 422 693 10.
451 660 518 692 Iam
545 660 686 691 taediato
712 669 767 691 ore
793 660 1029 699 exprobrantis,

448 708 517 740 Iam
543 708 722 747 perlassato
748 717 855 748 pugno
881 708 1053 747 quatientis

447 756 584 789 Carcere
610 759 714 787 taetro
740 756 851 788 stricte
878 756 1047 794 catenaris‚

545 804 617 836 Iesu
645 803 776 835 afflicte.

365 891 421 924 11.
449 890 474 923 Ο
501 888 560 921 flos
587 890 749 931 candoriS‚
775 889 878 928 sputis
903 890 1089 930 maculatus,

446 938 571 969 Fervor
596 938 725 978 amoris,
754 936 873 977 frigore
900 938 1102 975 constrictus,

445 985 544 1018 Iubar
569 986 695 1024 solaris,
723 985 901 1017 tenebrosis
931 988 1048 1024 trusus,

543 1034 599 1075 Es,
628 1034 701 1066 Iesu
728 1034 824 1065 clare.

362 1121 418 1153 12.
445 1119 556 1152 Gloria
581 1119 640 1150 tibi
667 1120 769 1159 sputis
797 1120 980 1158 deturpato,

444 1168 567 1200 Iubilus
593 1167 699 1199 laudis
726 1167 832 1199 verbis
862 1167 1066 1208 exprobrato,

445 1217 568 1254 Honor,
596 1219 739 1256 potestas
764 1215 864 1247 clavis
891 1214 1055 1255 perforato

540 1264 614 1296 Iesu
637 1273 697 1303 pro
722 1263 826 1296 nobis.

231 1350 311 1378 Orat.
344 1359 396 1377 ms.
428 1349 586 1377 Caelestin.
615 1350 644 1377 S.
672 1348 786 1376 Mariae
818 1349 853 1376 de
881 1349 1015 1375 parisius
1046 1357 1122 1375 saec,
1156 1347 1197 1374 15.
1240 1348 1310 1375 Cod.
1341 1348 1484 1375 Mazarin.

151 1387 228 1418 3897
247 1387 333 1423 (605).
354 1405 391 1408 —
415 1387 440 1421 l,
461 1387 479 1416 3
499 1388 662 1416 collocatis.
683 1403 720 1406 —
741 1386 767 1419 3,
788 1386 807 1414 4
828 1390 993 1422 concrepat.

670 1495 731 1526 Ad
767 1495 956 1527 Primam.

389 1574 419 1606 1.
446 1573 543 1605 Mane
570 1573 734 1604 concurrit
760 1576 868 1603 coetus
891 1571 1106 1611 sacerdotum,

447 1621 545 1653 Senes
572 1623 603 1652 et
629 1620 755 1653 scribae
781 1620 951 1652 concilium
978 1618 1096 1656 ferunt,

447 1670 552 1702 Iesum
580 1672 613 1700 ut
640 1669 771 1700 tradant
796 1668 1001 1709 turpissimae
1027 1668 1121 1699 morti

544 1717 806 1750 Interimendum.

385 1805 417 1838 2.
444 1805 550 1837 Iesum
578 1803 718 1835 educunt
743 1803 823 1834 viles
850 1802 964 1834 vinclis
990 1802 1133 1842 plexum,

443 1852 596 1884 Statuunt
620 1851 725 1891 ipsum
752 1851 858 1882 medio
885 1859 1006 1889 eorum,

443 1900 680 1941 Aggredientes
707 1899 814 1930 verbis
840 1899 1038 1940 perversutis

539 1948 785 1988 Interrogando.

385 2038 417 2070 3.
446 2036 604 2076 Nequiter
629 2037 787 2074 quaerunt
812 2033 906 2065 modo
933 2033 973 2065 de
1001 2033 1168 2065 doctrina:

443 2084 477 2116 Si
504 2088 539 2115 tu
563 2092 596 2114 es
623 2083 782 2121 Christus,
809 2082 901 2113 nobis
927 2081 1032 2121 palam
1062 2081 1161 2114 dicaS.

442 2132 504 2165 Dei
530 2141 550 2164 a
576 2131 700 2163 dextris
726 2134 768 2169 te,
794 2131 878 2169 Iesu,
906 2139 1069 2161 sessurum

539 2181 624 2212 Fore
650 2177 804 2213 affirmas

383 2269 416 2301 4.
442 2269 517 2301 Iesu
542 2267 700 2298 insultans
726 2265 822 2298 turba
846 2265 1067 2305 proclamosa:

442 2317 506 2349 Ore
532 2316 573 2348 de
597 2315 689 2346 huius
714 2314 906 2355 audivimus,
935 2314 1084 2354 clamant,

442 2364 562 2397 Filium
589 2363 651 2395 Dei
678 2362 788 2395 dicens
815 2371 849 2394 se
874 2371 1020 2394 sermone

539 2411 634 2452 Quali
659 2411 872 2451 blasphemat.
