1651 2680
242 168 298 201 19.

238 631 294 665 20.

235 1098 290 1131 21.

232 1561 291 1593 22.

223 2024 281 2057 23.

770 73 1007 109 -42-

324 168 448 208 corpus
479 172 567 200 tuum
593 169 624 199 in
650 169 837 200 sumendum

374 215 494 247 dedisti
517 224 588 246 cum
613 215 767 256 sanguine

326 262 496 294 Fratribus
521 262 553 292 in
580 271 668 301 spem
696 262 809 294 salutis

373 313 405 340 et
431 310 525 340 ritum
551 311 723 340 memoriae

325 356 368 387 Et
394 361 467 395 post
493 364 601 387 cenam
629 360 724 396 caput
749 356 830 389 illud

370 405 571 436 tremendum
595 404 768 435 virtutibus

326 451 489 482 Lavandis
517 451 745 492 discipulorum

369 498 530 530 inclinasti
556 499 702 538 pedibus

322 631 439 663 Factus
466 635 535 663 crat
561 633 658 663 sudor
684 636 755 663 tuus

370 679 451 710 sicut
476 682 583 719 guttae
610 679 781 720 sanguinis,

322 726 405 758 Dum
432 726 602 758 transferri
629 727 808 767 postulares

370 775 410 805 ad
438 779 468 805 te
495 780 619 814 gustum
648 774 777 813 calicis,

320 821 383 852 Sed
411 822 470 852 hoc
496 831 574 860 opus
601 824 679 853 ordo
706 825 834 854 nostrae

368 869 480 900 salutis
506 875 709 910 poposcerat,

319 916 363 948 Ut
389 917 463 947 intle
490 917 555 948 vita
580 917 711 953 rediret,

365 965 450 995 unde
476 973 560 995 mors
586 965 771 997 obvenerat.

319 1096 396 1128 Cum
424 1098 580 1136 prolixius
612 1108 721 1130 orares

364 1145 395 1175 in
419 1155 519 1185 agone
545 1147 677 1186 positus,

316 1193 461 1232 Angelus
489 1194 713 1226 consolabatur

364 1246 531 1280 paventem
560 1242 759 1284 humanitus3

316 1289 427 1320 Tertio
451 1289 512 1320 iam
542 1289 581 1320 ab
608 1291 722 1321 orandi

363 1345 509 1368 reversus
535 1337 697 1375 instantia,

313 1383 534 1416 Dormitantes
559 1385 709 1418 invenisti

362 1430 480 1463 fratres
507 1442 583 1473 prae
610 1434 752 1468 tristitia.

317 1560 365 1592 Te
388 1567 591 1600 quaerentem
619 1573 681 1595 non
708 1562 819 1603 fugisti

366 1609 554 1642 Iudaeorum
582 1613 746 1650 populum,

315 1656 387 1688 Non
414 1659 537 1698 negasti
564 1659 739 1698 proditoris

364 1705 462 1737 Iudae
489 1707 577 1746 pacis
605 1709 764 1749 osculum3

313 1753 435 1792 Captus
460 1764 522 1786 non
546 1755 749 1796 mentiebaris,

361 1802 417 1832 sed
445 1806 479 1833 ut
503 1812 603 1843 agnus
629 1804 781 1835 innocens

314 1850 542 1882 Protrahentes
569 1860 602 1881 es
631 1857 757 1883 secutus

359 1897 479 1936 probra
506 1899 605 1930 multa
630 1901 801 1934 sustinens,

309 2023 418 2055 Zelum
435 2026 521 2057 Petri
542 2025 702 2068 frangens,
722 2028 843 2061 Malchi

359 2073 544 2112 contingens
570 2076 754 2117 auriculam,

308 2117 487 2150 Munerasti
514 2121 642 2160 pietatis

357 2167 483 2198 medela
508 2169 681 2210 malitiam3

310 2211 509 2252 Flagellatus
536 2219 567 2246 et
593 2221 765 2256 consputus

355 2269 374 2290 a
399 2263 501 2293 servis
527 2263 711 2301 pontificum

307 2307 430 2339 Ductus
457 2317 490 2340 es
513 2319 611 2349 usque
636 2313 678 2343 ad
704 2313 818 2344 summi

356 2357 533 2388 sacerdotis
559 2358 686 2391 atrium.

928 170 984 202 24.
1008 169 1248 202 circumventus
1275 177 1345 200 cum
1372 165 1488 198 fuisses

1060 226 1080 248 a
1103 217 1182 248 viris
1208 215 1425 255 mendacibus,

1013 264 1217 296 Innocentem
1243 269 1275 296 te
1301 261 1455 294 clamavit

1059 320 1189 351 praeses
1215 319 1323 343 coram
1348 307 1517 343 omnibu53

1011 359 1090 390 Inde
1116 358 1220 398 plebis
1246 362 1278 390 et
1303 356 1445 388 cohortis

995 402 1001 409 '
1060 410 1131 438 arte
1157 405 1318 438 delusoria

1011 453 1174 494 Spoliatus
1200 458 1230 484 et
1257 452 1395 485 nudatus

1059 500 1228 540 chlamyde
1254 499 1403 532 coccinea

929 633 986 664 25.
1015 633 1215 674 Processisti,
1243 642 1338 664 manu
1363 636 1475 664 tenens

1060 681 1179 720 virgam
1206 680 1414 712 arendineam

1010 728 1233 767 Coronamque
1259 728 1387 768 plexum
1415 736 1529 768 gerens

1059 776 1098 807 de
1122 776 1223 815 spinis
1249 776 1426 816 impositis;

1010 823 1109 854 Morti
1136 824 1264 856 tandem
1290 824 1520 856 condemnatus

1057 871 1099 903 ad
1126 872 1230 903 crucis
1256 871 1432 912 patibulum

1007 920 1184 951 Accessisti
1210 921 1332 951 nullum
1358 929 1513 960 quaerens

1058 966 1150 1006 fugae
1178 967 1399 1007 patrocinium¹

925 1101 980 1133 26.
1012 1102 1072 1133 Pro
1099 1101 1321 1141 redemptione
1348 1107 1457 1135 nostra

1057 1149 1140 1189 patri
1167 1150 1379 1181 voluntariam

1009 1195 1084 1238 [Ut]
1111 1197 1256 1236 pontifex
1283 1197 1428 1230 obtulisti

1056 1250 1129 1276 tuae
1155 1247 1260 1277 carnis
1288 1245 1435 1278 hostiam.

1007 1293 1086 1326 Cum
1112 1293 1228 1333 iniquis
1256 1294 1428 1333 deputatus

1055 1342 1153 1373 clavis
1180 1340 1274 1373 fossis
1302 1342 1438 1381 pedibus

1007 1389 1194 1430 pependisti
1222 1388 1396 1430 perforatis

1055 1447 1113 1477 per
1138 1441 1356 1470 transversum
1382 1439 1539 1474 manibus.

909 1566 966 1598 27.
994 1567 1047 1598 Ad
1077 1575 1185 1598 verum
1213 1573 1396 1608 assumptae
1423 1570 1540 1611 carnis,

1053 1616 1232 1647 lamentans
1259 1617 1411 1648 indicium

1004 1663 1202 1695 Exclamasti
1230 1674 1306 1696 voce
1333 1675 1447 1706 magna

1052 1712 1230 1744 traditurus
1257 1713 1424 1753 spiritum;

1004 1759 1074 1791 Tua
1098 1760 1160 1791 sibi
1186 1763 1378 1793 vestimenta

1052 1808 1161 1839 divisit
1187 1809 1278 1848 plebs
1302 1810 1412 1853 impia,

1003 1855 1052 1887 De
1079 1861 1238 1894 contexta.
1267 1858 1356 1890 cuius
1382 1858 1475 1898 foret,

1049 1905 1220 1937 sortientes
1246 1906 1366 1939 tunica.

916 2031 972 2064 28.
1002 2033 1161 2065 Universa
1187 2036 1426 2075 congemiscens

1047 2087 1196 2112 creatura
1221 2084 1354 2126 stupuit,

998 2128 1113 2160 Velum
1138 2130 1252 2169 templi
1277 2133 1489 2173 rumpebatur

1045 2179 1077 2206 et
1103 2180 1191 2208 terra
1217 2181 1430 2225 contremuit3

997 2222 1176 2254 Obscurato
1202 2225 1271 2256 sole
1298 2229 1450 2263 mundum

1047 2274 1254 2303 contexerunt
1283 2276 1445 2319 tenebrae,

997 2317 1112 2349 Petrae
1137 2319 1242 2350 scindi
1268 2324 1496 2367 cernebantur,

1042 2366 1159 2398 mortui
1185 2375 1362 2409 resurgere.
