1651 2680
684 108 728 113 —
777 87 848 124 338
899 108 940 114 —

166 185 221 217 11.
248 184 436 221 Theotocos‚
465 184 554 224 virga
579 185 677 221 Iesse,
854 185 908 218 15.
937 181 1060 227 [Virgo‚
1086 184 1170 217 liber
1194 185 1290 224 vitae,
1317 185 1443 218 clausus

297 233 381 263 oliva
407 230 584 271 fructifera,
983 241 1172 272 permanens
1197 230 1242 276 in]
1269 233 1407 272 saecula,

249 279 415 319 Templum
442 279 514 317 Dei,
541 288 616 310 arca
639 279 719 315 Noe,
937 279 1032 312 Cuius
1058 285 1165 320 potest
1189 281 1275 312 solus
1301 289 1400 320 agnus

298 327 443 358 columba
468 326 620 368 pacifera,
984 329 1108 360 solvere
1133 329 1308 370 signacula,

247 375 299 406 Ab
325 374 443 406 inferni
469 383 525 405 nos
552 375 708 415 charybdi
935 375 972 407 In
999 376 1058 407 hoe
1083 381 1191 408 nostra
1217 385 1347 416 precum
1372 376 1448 408 stilo

295 423 325 454 in
353 426 513 454 aeternum
541 423 655 457 libera.
985 425 1150 456 conscribe
1177 424 1342 456 vocabula.

167 510 221 541 12.
248 510 372 547 Turris,
403 517 421 538 a
447 518 508 547 qua
534 509 651 548 pendet
678 510 779 540 omnis
855 509 908 542 16.
935 509 1032 551 Tuae,
1060 510 1160 551 virgo,
1187 510 1367 542 sanctitatis

294 559 456 588 armatura
482 555 620 590 fortium.
981 557 1052 589 luce
1078 567 1134 589 nos
1160 558 1282 590 irradia

247 605 330 636 Rosa
357 604 482 644 florens,
510 614 601 635 sacra
629 605 712 643 vitis,
934 604 977 635 Et
1003 606 1048 636 sic
1074 610 1128 636 tua
1153 607 1207 646 pia
1233 614 1328 645 prece

294 653 395 683 lilium
423 652 624 687 convallium,
982 652 1051 684 Deo
1077 654 1258 693 reconcilia,

246 700 407 731 Medicina
435 706 649 739 peccatorum,
935 700 979 732 Ut
1005 705 1077 740 post
1103 706 1236 732 mortem
1263 701 1434 741 gloriemur

298 748 424 779 virtutis
452 747 628 781 donarium.
983 749 1015 779 111
1041 749 1171 780 caelesti
1197 750 1313 788 patria.

168 834 220 865 13.
250 834 319 866 Uva
348 833 459 872 dulcis,
487 832 543 864 flos
570 834 685 872 suavis,
853 834 908 866 17.
934 834 987 865 Ad
1015 834 1085 873 hoe,
1112 844 1220 866 omnes
1246 838 1421 874 potestates

295 882 414 912 nardus
440 880 612 917 odorifera,
982 882 1134 913 virtutum
1161 884 1356 923 caelestium,

248 929 343 967 Virgo
370 938 496 967 semper
521 930 669 968 gloriosa,

293 977 436 1007 sublimis
464 985 631 1018 puerpera,

248 1024 368 1056 Praebe
393 1024 483 1054 nobis
510 1024 663 1056 abortivis
930 1025 983 1056 Ad
994 1025 1063 1063 1100,
1079 1035 1187 1057 omnes
1197 1026 1309 1066 sancti,
1324 1029 1462 1057 vestrum

292 1072 421 1111 pietatis
447 1073 578 1104 viscera.
979 1073 1116 1112 petimus
1142 1074 1306 1106 auxilium.

162 1157 216 1188 14.
245 1157 383 1188 Orientis
409 1161 502 1195 porta
529 1157 647 1195 clausa,
850 1158 903 1190 18.
930 1158 1087 1189 Miserere
1114 1159 1224 1194 nostri.
1252 1159 1350 1196 Deus,

291 1214 383 1243 quam
411 1204 491 1234 vidit
516 1205 679 1246 Ezechiel,
978 1206 1009 1236 in
1036 1207 1181 1245 personis
1208 1207 1347 1242 trinitas,

245 1252 356 1283 Mensa
381 1252 473 1290 regis,
500 1253 541 1283 ad
561 1262 654 1291 quam
674 1253 775 1292 dapes
930 1253 1097 1291 Miserere,
1125 1254 1275 1285 miserere

293 1300 366 1330 tulit
392 1300 460 1337 ipse
485 1299 628 1341 Gabriel,
980 1302 1090 1342 nostri,
1118 1302 1253 1341 simplex
1280 1303 1396 1344 unitas,

246 1348 382 1385 Quorum
409 1356 500 1385 opem
528 1347 559 1377 in
586 1348 712 1378 leonum
931 1348 975 1379 Te
1003 1349 1136 1387 spiritus
1162 1351 1264 1381 omnis
1290 1349 1411 1391 laudet,

291 1395 361 1425 lacu
387 1395 485 1424 sensit
511 1391 666 1437 [Daniel].
978 1397 1174 1435 sempiterna
1201 1398 1314 1429 deitas.

225 1479 399 1505 psalterium
431 1488 447 1504 a
479 1479 631 1513 seraphico
663 1483 763 1507 sancto
795 1481 1002 1507 Bonaventura
1034 1483 1228 1516 compositum
1260 1484 1290 1509 111
1322 1482 1461 1510 honorem

149 1518 272 1552 virginis
294 1518 414 1544 Mariae.
455 1518 631 1553 Impressum
652 1519 807 1545 Valentiae
834 1519 866 1544 in
895 1518 1016 1545 aedibus
1038 1519 1116 1545 Petri
1145 1529 1162 1546 a
1184 1521 1281 1547 Huete
1313 1521 1344 1546 in
1366 1521 1464 1556 platea

148 1556 301 1582 Herbaria.
318 1558 400 1582 Anno
417 1555 567 1586 MDLxx‚
590 1557 639 1582 fol,
663 1557 748 1583 lxxx1
769 1557 796 1583 h.
819 1573 854 1576 -
874 1555 901 1587 4,
924 1555 941 1583 2
958 1558 1013 1583 Dei
1037 1562 1072 1583 et.
1096 1572 1131 1576 —
1153 1556 1178 1585 5,
1201 1558 1218 1585 4
1233 1559 1312 1586 fides.
1327 1575 1365 1578 —
1383 1558 1425 1591 13,
1448 1559 1460 1586 l

144 1595 290 1620 suavium.
312 1609 347 1612 —
373 1592 414 1625 13,
437 1593 453 1619 5
475 1595 652 1629 adoptionis.

559 1726 628 1756 305.
669 1726 814 1758 Planctus
834 1726 1040 1758 Paenitentis.

184 1814 212 1845 1.
242 1815 358 1854 Pange,
386 1815 455 1853 lyra
482 1816 587 1847 cordis
614 1817 686 1855 mei,
867 1818 897 1847 13,
924 1817 1011 1848 Deus
1039 1819 1140 1849 trinus
1166 1820 1198 1850 iu
1225 1820 1382 1859 personis,

287 1871 413 1894 carmen
436 1863 651 1905 lamentabile,
973 1875 1053 1896 uuus
1080 1867 1111 1897 iu
1138 1867 1327 1907 substantia,

240 1910 358 1950 Regum
386 1920 491 1950 regem
519 1912 687 1951 rogitando
925 1914 985 1952 Qui
1010 1914 1178 1952 plasmasti
1205 1920 1319 1947 cuncta
1346 1916 1444 1948 verbo

286 1959 379 2004 valgie
404 1959 636 2000 admirabilem,
972 1961 1059 1992 orbis
1085 1971 1165 1993 unus
1192 1964 1331 2005 climata,

238 2006 281 2038 Ut
306 2016 354 2039 me
381 2006 494 2038 liberet
522 2017 539 2039 a
566 2008 667 2045 malis,
927 2009 981 2039 Me
1007 2019 1100 2048 nunc,
1129 2010 1296 2050 deprecor.
1324 2013 1441 2044 exaudi

286 2054 399 2093 quibus
425 2064 542 2094 gravor
566 2056 718 2095 graviter.
973 2066 1042 2088 mea
1068 2058 1183 2089 tollens
1211 2060 1354 2092 crimina.

178 2140 209 2171 2.
239 2139 355 2172 Rerum
382 2140 519 2170 omnium
547 2146 683 2182 creator,
867 2143 898 2173 4.
925 2142 1041 2182 Meque
1068 2143 1215 2175 miserum
1243 2149 1404 2178 errantem

283 2192 377 2226 pater
402 2187 582 2226 invisibilis,
973 2191 1110 2233 suscipe,
1138 2192 1290 2235 piissime,

238 2234 301 2266 Fili
328 2235 398 2274 Dei,
425 2236 522 2268 cosmi
549 2240 664 2276 rector,
925 2237 969 2269 Et
993 2239 1035 2270 ad
1063 2240 1198 2278 patriam
1227 2242 1396 2274 caelestem

284 2284 428 2324 pulcher,
455 2283 635 2326 ineffabilis,
974 2285 1072 2318 facito
1096 2288 1289 2331 pertingere,

238 2331 387 2371 Spiritus,
413 2332 466 2371 qui
493 2336 578 2363 astas
602 2333 691 2364 cordi
925 2333 1023 2372 Quem
1051 2340 1208 2367 errantem
1235 2337 1400 2370 redemisti

283 2379 427 2418 hominis,
454 2380 620 2421 almificus,
973 2385 1061 2414 tuum
1089 2383 1195 2416 dando
1222 2386 1416 2426 sanguinem.
