1651 2680
667 129 711 136 -
761 111 928 148 349-—

151 205 208 239 89.
234 205 298 238 Per
323 208 507 238 cunctorum
533 215 659 247 quoque

280 263 393 295 preces
418 255 646 294 apostolorum,

230 301 520 342 Evangelistarum,
548 306 724 343 martyrum

279 353 374 390 atque
400 348 627 389 confessorum,

232 397 399 438 Virginum
426 405 464 428 ac
489 398 629 429 omnium

276 448 459 476 sanctorum
485 447 663 486 beatorum,

228 493 288 532 Qui
314 493 394 524 vivis
421 497 453 524 et
479 503 605 534 regnas,

277 548 336 579 per
362 541 469 572 saecla
495 542 706 576 saeculorum.

843 211 899 244 90.
926 211 1071 252 Idipsum
1096 212 1260 245 humiliter

973 260 1110 300 deposco
1136 271 1194 300 pro
1224 261 1388 303 praelatis,

921 307 984 339 Pro
1009 308 1130 351 amicis,
1159 308 1324 349 fratribus,

969 356 1166 397 parentibus,
1195 358 1336 397 cognatis

922 403 972 434 Ac
997 414 1056 443 pro
1084 406 1205 436 cunctis
1231 405 1390 448 fidelibus,

969 455 1003 482 ut
1028 461 1132 483 rorem
1159 454 1287 492 pietatis

921 497 1078 531 Infundas
1104 500 1150 530 eis
1176 501 1293 540 iugiter

970 548 1204 587 coniungasque
1231 549 1341 582 beatis.

475 658 530 691 91.
558 658 622 690 Pro
649 658 815 690 animabus
841 665 873 691 et

606 711 787 747 parentum,
814 709 998 751 amicorum,

559 753 817 798 Renes-actorum,
845 756 983 788 omnium

605 801 747 834 fidelium
776 803 1010 844 defunctorum,

557 849 632 882 Tibi
658 859 771 890 preces
798 851 906 891 offero,

607 898 743 940 benigne
770 908 826 931 rex
856 901 1027 938 caelorum,

558 945 599 977 Ut
628 946 727 978 dones
754 947 799 978 eis
826 949 967 988 requiem

605 993 635 1026 in
663 995 770 1026 saecla
793 998 1002 1030 saeculorum.

207 1106 325 1134 Collect.
355 1117 406 1133 ins.
429 1107 584 1143 Anglicum
614 1116 690 1135 saec.
722 1106 764 1135 13.
807 1110 876 1136 Cod.
899 1110 1062 1138 Londineu.
1086 1112 1194 1137 Arund.
1217 1110 1280 1138 248.
1304 1126 1339 1129 —
1365 1110 1414 1142 12,
1435 1110 1453 1138 4

131 1146 305 1180 itinereque.
326 1160 363 1163 —
385 1144 430 1177 47,
452 1144 470 1172 8
491 1147 646 1181 utiliaque.
670 1162 702 1165 —
725 1146 770 1180 55,
794 1146 811 1174 6
832 1149 1014 1184 malitiaque.
1032 1164 1066 1168 —
1083 1148 1128 1179 57,
1151 1150 1167 1176 ὕ
1184 1151 1401 1185 pigritiamque.
1417 1166 1452 1169 —

131 1184 282 1212 Abschrii't
300 1193 359 1210 von
381 1185 451 1212 Rev.
475 1185 512 1211 H.
534 1185 572 1212 M.
598 1186 763 1213 Bannister.

540 1376 605 1406 307.
646 1376 810 1417 Speculum
831 1377 1044 1408 Peccatorum.

142 1495 173 1527 1.
201 1494 226 1527 Ο
253 1503 310 1534 pos
336 1503 455 1531 omnes,
485 1497 539 1536 qui
566 1496 713 1527 transitis
834 1498 865 1529 5.
892 1496 1054 1536 Quidquid
1082 1496 1156 1528 boni
1182 1497 1329 1529 intellexi

248 1543 401 1583 Figuram
427 1543 510 1575 hanc
536 1544 696 1584 inspicite,

200 1591 361 1622 Memores
388 1591 449 1623 mei
476 1600 603 1632 semper
629 1592 700 1624 sitis

246 1639 290 1670 Et
317 1640 469 1673 mundum
488 1640 573 1673 hunc
592 1640 758 1680 despicite.

163 1782 170 1789 .
196 1756 363 1796 Quondam
389 1765 476 1788 eram
504 1756 662 1797 gloriosus

245 1804 377 1837 Habens
400 1813 512 1837 aurum
532 1809 563 1836 et
581 1809 759 1845 argentum,

195 1853 290 1885 Nune
315 1863 335 1885 a
360 1853 524 1886 vermibus
551 1862 717 1893 corrosus3

245 1902 345 1941 Quam
355 1902 550 1934 horrendum
560 1906 786 1935 testamentum
799 1903 804 1932 !

162 2044 170 2052 .
196 2018 280 2058 Heu,
299 2028 395 2058 quam
413 2019 497 2050 male
514 2027 584 2050 sum
604 2018 758 2058 deeeptus

243 2067 376 2099 Habens
403 2076 503 2099 annos
529 2066 696 2107 iuveniles,

194 2115 264 2148 Nec
289 2125 359 2147 sum
385 2115 514 2156 penitus
541 2115 690 2156 adeptus,

242 2164 335 2203 Quod
362 2171 580 2204 speraveram,
608 2163 737 2196 seniles,

159 2303 169 2312 .
195 2279 279 2316 Heu,
288 2287 373 2309 nunc
382 2286 432 2310 me
442 2287 528 2310 mors
539 2277 771 2317 supplantavit,

241 2326 376 2365 Quando
402 2326 533 2359 minime
559 2324 742 2366 credebam,

193 2376 240 2409 Et
263 2373 343 2406 mihi
369 2376 468 2408 vitam
493 2374 683 2415 amputavit,

240 2423 302 2463 Qui
326 2431 458 2456 securus
482 2422 682 2456 incedebam.

944 1545 1003 1576 Vel
1029 1546 1069 1577 ab
1097 1545 1168 1576 aliis
1194 1545 1314 1584 audivi,

894 1593 994 1625 Plane
1021 1598 1121 1625 totum
1149 1594 1208 1625 hoc
1234 1595 1371 1637 neglexi,

940 1642 1021 1681 Quia
1048 1643 1135 1674 carui
1164 1643 1339 1675 deservivi.

834 1759 866 1791 6.
895 1757 1012 1790 Curam
1040 1758 1144 1790 carnis
1171 1767 1298 1798 semper
1324 1759 1372 1798 egi

918 1805 961 1837 Et
987 1815 1100 1837 vanam
1128 1806 1261 1845 gloriam
1289 1807 1403 1848 amavi,

893 1855 957 1886 Pro
971 1853 1021 1884 his
1034 1854 1067 1885 in
1080 1862 1215 1892 poenam
1230 1855 1312 1886 hane
1324 1855 1453 1895 impegi,

944 1901 1022 1933 Sero
1048 1902 1133 1943 novi,
1161 1904 1245 1942 quod
1273 1904 1389 1937 erravi.

834 2019 866 2051 7.
895 2018 1074 2050 Luxuriose
1101 2020 1133 2048 et
1158 2019 1268 2059 gulose

944 2066 1016 2097 Vixi
1043 2067 1275 2107 temporaliter,

891 2115 955 2146 Pro
982 2114 1031 2145 his
1057 2123 1176 2155 poenas
1203 2116 1332 2156 copiose

936 2161 1055 2203 Recepi
1082 2164 1298 2195 aeternaliter.

832 2277 863 2310 8.
891 2277 1111 2309 peccaverunt
1135 2279 1247 2319 pedes,
1274 2288 1386 2312 manus

939 2324 1057 2357 Contra
1083 2325 1184 2366 legem
1210 2327 1351 2367 Domini,

891 2372 953 2412 Egi
979 2373 1077 2406 corde
1102 2383 1212 2415 vagus,
1240 2385 1350 2415 vanus,

938 2422 1025 2461 Quae
1049 2432 1113 2456 non
1138 2423 1236 2456 licent
1262 2424 1394 2458 homini.
