1651 2680
167 217 177 226 .
203 193 262 226 Est
286 192 319 224 iu
346 192 525 225 diversorio

253 250 293 273 ex
319 240 466 272 domibus
491 245 595 277 natus„

204 289 298 330 vagit
323 288 356 320 in
382 290 571 329 praesaepio

250 340 321 369 arto
347 336 530 374 reclinatus,

204 384 323 418 Pannis
348 388 397 416 est
423 385 594 417 humilibus

250 438 285 465 ut
310 441 433 472 pauper
456 433 572 473 ligatus

203 482 365 520 Lacteque
391 480 534 520 virgineo

251 528 361 561 matris
386 528 578 565 adlaetatus,

203 578 328 610 Positus
355 577 386 608 iu
413 577 518 608 medio

298 625 392 656 duum
418 625 638 658 iumentorum.

167 809 174 816 .
201 784 325 816 Primus
352 784 480 822 sanguis
509 783 654 815 funditur

248 832 278 864 in
306 832 557 870 circumcisione,

199 879 339 912 Offertur
367 880 539 912 Ierusalem

247 937 314 960 cum
341 927 513 968 oblatione,

198 977 233 1008 In
260 977 441 1016 Aegyptum
471 976 599 1007 ducitur

246 1033 314 1056 cum
341 1022 525 1065 afflictione,

200 1071 354 1104 Subditur
379 1072 565 1111 parentibus

244 1121 275 1152 in
303 1121 551 1156 conversatione,

197 1168 361 1207 Quaesitus
385 1168 416 1199 in
443 1168 548 1200 medio

290 1216 423 1248 sedebat
450 1216 626 1248 doctorum.

159 1405 168 1413 .
194 1380 240 1413 Ut
264 1384 413 1420 peccator
438 1380 589 1412 innocens

243 1429 331 1459 Iesus
358 1427 550 1469 baptizatur,

196 1477 231 1508 In
259 1477 418 1508 desertum
444 1477 561 1516 spiritu

241 1533 297 1557 suo
322 1524 485 1564 agebatur,

192 1572 254 1605 Ubi
282 1577 354 1613 post
379 1573 529 1604 ieiunium

242 1621 325 1652 fame
352 1622 522 1660 cruciatur,

193 1668 311 1701 Tribus
337 1679 355 1701 a
382 1669 510 1701 diabolo

240 1717 365 1751 vicibus
390 1721 573 1758 temptatur,

193 1765 440 1805 Persequentum
467 1766 592 1806 lapides

287 1812 369 1854 fugit
395 1815 597 1847 Iudaeorum.

155 2000 161 2005 .
188 1973 330 2006 Exercet
355 1972 496 2005 officium

235 2022 496 2063 praedicationis,

188 2069 344 2103 Lassatur
368 2070 542 2112 laboribus,

235 2119 288 2160 qui
313 2122 362 2150 est
387 2119 477 2159 quies
505 2119 607 2159 bonis,

188 2167 329 2209 Famem,
357 2167 443 2200 sitim
470 2168 593 2208 patitur

233 2216 403 2248 abundans
429 2216 461 2247 iu
489 2217 594 2256 donis,

186 2264 372 2297 Publicanis
399 2265 525 2296 veniam

235 2313 291 2345 dat
317 2312 525 2351 remissionis,

184 2361 317 2394 Tolerat
341 2361 477 2394 insidias

279 2410 333 2442 hic
357 2409 613 2450 pharisaeorum.

838 195 868 227 7.

803 1974 856 2006 10.

897 194 1039 234 Regnum
1067 194 1126 227 Dei
1153 194 1278 226 nuntiat

943 253 1002 282 per
1027 247 1134 275 castra
1158 242 1333 283 pergendo,

896 291 1025 323 Orando
1052 291 1223 331 pervigiles

942 343 1049 371 noctes
1075 338 1276 378 deducendo,

894 386 957 417 Ter
982 392 1110 419 nostrae
1135 387 1282 418 miseriae

941 433 995 465 flet
1021 434 1254 476 compatiendo,

892 482 970 513 Cum
998 483 1077 514 Iuda
1102 486 1134 514 et
1161 482 1232 513 aliis

940 539 1049 562 cenam
1077 530 1273 562 comedendo

892 578 991 610 Iudae
1017 579 1115 618 pedes
1142 578 1241 608 abluit

986 632 1016 657 et
1044 626 1284 664 discipulorum.

893 785 970 816 Orat
998 790 1132 824 patrem,
1161 788 1302 816 transeat

939 833 1022 864 calix
1052 834 1100 864 hic
1128 832 1256 873 doloris,

891 882 1068 921 Guttaeque
1095 881 1287 920 sanguineae

939 929 1111 960 decurrunt
1138 929 1276 969 sudoris,

889 976 1043 1008 Traditur
1069 977 1202 1008 consilio

937 1024 1037 1057 Iudae
1063 1024 1248 1064 proditoris.

889 1073 916 1103 A
944 1073 1072 1104 Iudaeis
1100 1073 1225 1111 capitur

936 1120 1091 1154 Christus,
1122 1129 1176 1151 rex
1204 1121 1342 1158 honoris,

889 1166 1034 1201 Vinculis
1059 1169 1288 1208 constringitur

984 1217 1085 1248 instar
1110 1215 1332 1251 nefandorum,

851 1406 858 1412 .
886 1380 1031 1412 Tradunt
1059 1381 1089 1412 in
1118 1380 1284 1412 consilium

933 1428 1117 1468 pontificum
1146 1429 1255 1459 Iudaei

884 1477 927 1508 Et
953 1477 1175 1513 condemnant,
1204 1477 1304 1508 filium

934 1534 1004 1556 curn
1030 1535 1064 1556 se
1091 1525 1171 1557 dixit
1200 1525 1269 1563 Dei,

883 1574 1026 1605 Maxima
1053 1573 1228 1614 opprobria

933 1622 1117 1660 irrogabant
1146 1622 1183 1659 ei,

884 1669 984 1709 Turpi
1011 1675 1104 1710 sputo
1131 1671 1291 1702 maculant

933 1717 1065 1750 formam
1093 1718 1197 1757 faciei,

884 1766 1001 1806 Regem
1030 1768 1165 1798 caedunt
1192 1767 1295 1807 alapis

980 1824 1038 1854 per
1064 1824 1174 1847 manus
1201 1824 1377 1849 servorum.

884 1973 936 2004 Ad
966 1974 1061 2006 Pilati
1088 1973 1202 2005 faciem

932 2023 1061 2054 tandem
1089 2026 1293 2062 praesentato

884 2069 1067 2102 Barrbabas
1095 2070 1267 2102 dimittitur

933 2118 1004 2149 lesu
1034 2119 1255 2160 condemnato,

883 2165 1023 2198 Herodis
1051 2167 1201 2199 iudicium

932 2215 1016 2246 subit
1043 2225 1061 2247 a
1090 2215 1203 2253 Pilato,

883 2261 995 2302 lbique
1021 2264 1161 2296 ludibrio

931 2312 1069 2350 plurimo
1093 2312 1184 2344 illato

882 2359 980 2392 Redit
1005 2365 1036 2391 et
1062 2361 1242 2401 percutitur

978 2407 1114 2450 flagellis
1141 2418 1262 2444 eorum.

1201 2466 1217 2493 7
1232 2466 1246 2481 t
