1651 2680
752 78 1016 116 —387—

254 201 262 209 .
290 175 369 209 Cum
395 177 441 208 sis
468 176 583 216 plenus
608 177 692 209 aeris
718 177 800 210 tanti

289 223 364 257 Tibi
389 234 493 265 prava
518 225 697 257 abundanti

337 273 422 313 Quid
448 277 585 313 prosunt
611 273 768 306 divitiae?

288 320 359 362 Ego
385 324 486 357 satur,
514 325 549 353 tu
574 321 710 363 ieiunus,

289 367 405 401 Fames
432 377 506 409 una,
537 369 629 400 dolor
655 378 735 402 unus

336 416 438 456 Angit
463 420 496 448 te
523 417 666 449 cottidie.

255 526 263 534 .
289 501 375 542 Opes
402 502 524 534 donant
549 503 684 542 quodvis
712 504 841 544 donum,

289 548 445 583 Nummus
460 551 548 582 solus
562 560 718 582 summum
734 551 849 583 bonum

335 597 380 630 Et
404 596 552 638 perfecta
575 599 703 641 caritas,

288 644 372 680 Nam
399 647 561 686 quantitas
587 648 800 686 quantitatum

287 692 332 725 Et
356 697 502 736 potestas
531 698 727 734 potestatum

335 741 410 777 Sola
438 742 559 773 nummi
585 744 756 782 quantitas.

251 852 259 860 .
287 826 371 867 Quid
397 827 429 858 in
456 836 584 859 nummo
611 828 673 859 nisi
699 828 812 870 forma,

288 874 352 907 Per
376 884 468 914 quem
496 876 583 917 perit
609 876 688 916 legis
714 886 836 916 norma,

333 923 497 964 Sepelitur
524 923 632 955 ratio?

285 971 500 1012 Augmentum
528 976 578 1003 est
603 970 756 1004 falsitatis

285 1019 330 1052 Et
355 1019 541 1059 sepulcrum
568 1020 724 1059 veritatis,

328 1067 450 1100 Mentis
477 1071 526 1099 est
552 1066 708 1100 confusio.

931 178 984 212 10.
1011 177 1097 218 Opes
1123 185 1215 209 omne
1242 176 1357 209 bonum
1385 175 1509 218 docent.

1010 225 1054 257 Et
1079 225 1155 266 quid
1182 224 1258 256 mihi
1286 224 1383 257 verba
1408 229 1534 263 nocent,

1058 273 1108 305 Sit
1132 274 1220 305 salva
1247 271 1406 313 pecunia?

1007 321 1078 353 Non
1107 331 1158 353 res
1184 329 1273 352 meae
1298 321 1486 362 moriuntur,

1007 369 1181 402 Stultitiam
1210 369 1378 408 patiuntur

1052 416 1205 449 Fecunda
1230 416 1400 449 marsubia.

972 530 978 536 .
1006 503 1091 542 Opes
1116 506 1190 534 tuae
1216 505 1248 533 te
1274 502 1432 541 derident,

1004 551 1085 591 Quia
1112 551 1233 588 dicunt,
1263 550 1316 590 qui
1345 553 1376 581 te
1403 549 1521 592 vident,

1050 599 1142 638 Quod
1168 606 1246 638 opes
1273 602 1305 629 te
1331 597 1477 637 capiunt;

1006 646 1238 686 Congregando
1265 651 1295 676 te
1322 654 1465 688 enervam,

1006 694 1222 726 Possidebunt
1239 703 1301 735 res,
1321 702 1399 733 quas
1417 701 1538 733 servas,

1051 741 1111 781 Qui
1138 745 1170 772 te
1196 742 1275 772 mori
1306 741 1447 781 cupiunt.

971 853 978 860 .
1006 828 1093 867 Ergo
1119 836 1205 868 vere,
1233 835 1304 859 cum
1331 826 1492 858 mundana

1004 875 1083 907 Tam
1111 875 1235 906 lubrica
1260 876 1324 906 sint
1349 878 1381 905 et
1406 883 1486 906 vana

1051 923 1126 955 Sine
1154 923 1228 954 boni
1253 923 1409 963 pondere,

1001 972 1115 1002 Amnis
1141 980 1229 1002 more
1256 972 1282 1002 si
1311 969 1463 1007 defluant,

1002 1018 1142 1050 Divitiae
1168 1019 1195 1049 si
1220 1017 1365 1057 affluant,

1053 1066 1161 1097 Nolite
1189 1075 1244 1096 cor
1271 1073 1443 1105 apponere.

288 1151 410 1185 Collect.
426 1161 478 1178 ms.
496 1154 618 1180 Henrici
635 1152 757 1180 Schedel
773 1153 993 1189 Nurenbergen.
1008 1159 1084 1178 saec.
1103 1150 1146 1179 15.
1168 1151 1242 1178 Clm.
1254 1151 1408 1178 Monacen.
1420 1148 1484 1179 416,
1500 1164 1536 1169 -

210 1188 239 1224 3,
259 1188 277 1217 6
298 1192 391 1229 eligit.
412 1204 449 1209 -
470 1189 497 1223 4,
520 1190 537 1218 2
558 1192 644 1218 Dixit
663 1192 773 1218 cather.
794 1205 831 1209 -
852 1189 878 1224 5,
901 1190 918 1218 5
938 1200 984 1217 me
1004 1189 1085 1217 fehlt.

671 1313 737 1345 334.
780 1314 822 1344 De
846 1312 1078 1353 Hospitalitate.

190 1377 194 1387 ¹
226 1395 258 1427 1.
285 1394 363 1430 Cum
391 1395 479 1427 Deus
506 1395 539 1426 in
564 1394 725 1434 principio

329 1444 454 1477 Cuncta
481 1446 657 1482 creaverat,

283 1490 332 1523 De
359 1490 440 1523 caeli
467 1491 597 1522 tandem
625 1488 706 1521 solio

328 1538 472 1572 Verbum
499 1542 531 1570 et
557 1538 689 1570 miserat

280 1586 426 1620 Naturae
452 1586 688 1626 praeiudicium

329 1635 385 1668 Fit
411 1639 505 1667 natus
532 1635 572 1666 de
598 1634 723 1674 virgine

376 1683 550 1716 nascendo.

280 1769 328 1801 De
355 1770 459 1801 causis
485 1768 706 1801 saluberrimis

331 1817 419 1850 Deus
445 1817 643 1855 incarnatur,

284 1865 418 1898 Omissis
445 1867 502 1898 sed
529 1865 676 1906 plurimis

330 1914 406 1947 Sola
431 1923 516 1946 nunc
544 1914 681 1951 dicatur,

280 1962 327 1996 Ut
349 1962 496 2003 expiaret
522 1963 635 1994 vitium

330 2011 450 2043 Factus
478 2016 527 2043 est
551 2011 685 2042 virtutes

377 2059 533 2092 docendo.

281 2145 366 2186 Quas
391 2155 448 2177 sua
474 2145 634 2186 sapientia

328 2193 542 2234 Singulariter

378 2242 488 2274 Factis
515 2241 692 2282 decoravit,

282 2289 346 2324 Sed
371 2300 467 2329 unam
493 2300 553 2332 per
579 2289 727 2332 insignia,

329 2339 412 2372 Dum
445 2338 615 2371 Thetidem
641 2338 673 2369 in
700 2338 840 2379 Lyaeum

374 2387 508 2428 Nuptiis
534 2387 752 2429 commutavit,

980 1393 1023 1424 Et
1049 1393 1177 1431 quando
1203 1393 1340 1432 quinque
1366 1392 1452 1423 milia

1025 1440 1137 1472 Monte
1164 1440 1381 1480 praedicando

979 1488 1105 1522 Cibavit
1130 1488 1268 1528 quinque
1293 1488 1429 1528 panibus

1028 1536 1159 1568 Plenam
1186 1536 1234 1567 his
1262 1537 1384 1578 copiam

1075 1585 1298 1617 ministrando.

918 1702 948 1733 2.
978 1699 1067 1731 Haec
1095 1701 1194 1731 virtus
1223 1700 1426 1739 hospitalitas

1023 1747 1095 1779 Dici
1122 1752 1332 1789 promeretur,

977 1796 1032 1828 Nil
1059 1797 1156 1835 valet,
1185 1796 1211 1826 si
1239 1805 1301 1827 non
1330 1796 1447 1827 caritas

1025 1844 1077 1875 llli
1104 1844 1284 1882 maritetur,

975 1891 1026 1924 Ne
1052 1891 1108 1924 fiat
1131 1887 1202 1923 'cum
1231 1892 1374 1933 tristitia,

1023 1941 1130 1980 Ipsam
1158 1940 1262 1972 vultus
1291 1940 1436 1971 hilaritas

1072 1989 1211 2020 decoret.

975 2095 1110 2128 Creator
1137 2094 1219 2125 enim
1247 2093 1380 2126 hilarem

1022 2143 1119 2174 Amat
1144 2142 1342 2182 largitorem,

975 2190 1146 2223 Servemus
1172 2199 1291 2222 morem
1320 2200 1500 2231 comparem

1023 2238 1117 2271 Hunc
1142 2240 1304 2278 sequendo
1331 2239 1503 2276 doctorem,

976 2287 1140 2319 Dona-ntes
1166 2296 1237 2318 cum
1265 2288 1389 2319 laetitia

1020 2335 1089 2369 Nec
1113 2334 1202 2367 fraus
1228 2337 1278 2368 vel
1306 2336 1512 2369 subsannatio

1070 2384 1206 2417 laboret.

1297 2439 1359 2468 25*
