1651 2680
704 109 959 144 —276-

189 200 245 232 21.
273 200 397 242 Gaude,
425 202 540 234 multos
565 205 728 236 retraxisti

275 250 303 280 A
332 249 483 291 peccatis,
511 251 625 290 quibus
652 253 773 285 Christi

324 296 428 328 Valde
453 298 569 337 gaudet
595 301 702 339 curia3

276 343 399 385 Gaude,
426 345 500 384 quia
525 346 592 378 sine
619 356 722 387 poena

275 391 467 423 Transivisti
493 394 533 424 ad
560 404 691 426 amoena

324 440 474 471 Paradisi
499 443 626 481 gaudia.

275 486 399 526 Gaude,
427 496 559 520 cernens
579 491 639 521 iam
662 490 809 521 vestitum

274 534 374 566 Tuum
402 544 518 575 corpus
544 540 575 568 et
601 538 751 569 amictum

323 582 434 615 Stolae
460 593 534 615 suae
555 585 666 624 gloria.

196 649 253 680 22.
281 649 336 690 Te,
364 650 531 689 Iohannes.
559 660 616 690 ego
643 656 727 691 peto,

282 696 376 729 Sume
403 707 516 728 munus
543 699 631 729 vultu
657 699 733 736 leto,

328 745 418 784 Quod
446 745 504 776 tibi
530 755 612 776 nunc
637 746 752 784 offero3

280 793 343 824 Per
368 798 399 824 te
426 794 515 824 Iesus
542 794 720 825 castitatem

280 840 361 871 Mihi
389 840 441 871 det
469 845 498 870 et
526 841 701 875 caritatem,

329 892 428 927 Quam
455 888 549 919 valde
576 889 734 921 desidero.

194 956 252 987 23.
282 955 317 986 In
345 963 394 985 me
420 954 500 985 fides
528 956 599 986 viva
626 960 747 986 crescat

281 1003 410 1034 Cunctis
438 1002 534 1036 horis.
561 1013 624 1042 qua
651 1004 813 1036 decrescat

329 1055 467 1083 Satanae
493 1051 651 1090 nequitia:

281 1099 390 1138 Culpis
417 1099 494 1129 mois
521 1108 582 1130 non
611 1099 788 1138 desperem,

281 1146 343 1177 Sed
372 1148 402 1177 in
431 1147 501 1177 Iesu
527 1151 628 1178 morte
655 1156 781 1187 sperem

330 1194 447 1232 Suique
474 1195 653 1226 elementia.

883 583 937 614 25.

880 207 936 241 24.
962 206 1035 238 Non
1059 207 1100 239 sit
1126 217 1269 239 murmur
1294 213 1365 236 meo
1395 205 1493 237 eorde

962 254 1031 286 Nec
1055 255 1199 295 inquinet
1224 263 1260 286 os
1285 262 1355 284 cum
1381 251 1478 284 sorde

1011 302 1130 342 Culpae
1157 301 1388 340 detractoriae3

963 349 1029 381 Fac
1051 359 1101 382 me
1119 351 1272 391 templum
1291 348 1496 388 frequentare

963 397 1040 429 Zelo
1066 398 1138 429 lesu
1163 407 1221 429 nec
1247 407 1297 428 me
1323 397 1400 428 dare

1013 444 1146 476 Crimini
1173 446 1326 477 desidiae.

965 583 1002 614 In
1028 583 1173 614 adversis
1202 584 1377 623 patientem

967 630 1009 661 Et
1034 631 1066 661 in
1093 631 1204 670 poenis
1232 639 1282 662 me
1306 630 1499 671 gaudentem

1013 678 1124 709 Crucis
1150 677 1202 709 fac
1225 678 1389 713 memoria,

966 725 1102 756 Mortem
1130 726 1202 757 Iesu
1228 725 1279 757 fac
1303 733 1353 756 me
1378 723 1467 763 flere,

968 772 1051 804 Suae
1075 774 1249 812 matrisque
1276 773 1385 804 dolere

1016 819 1123 851 Nimia
1148 821 1290 852 tristitia.

889 958 944 990 26.
972 957 997 989 O
1026 957 1191 998 lohannes,
1219 958 1262 988 mi
1288 962 1431 999 patrone,

969 1005 1062 1036 Meae
1089 1005 1200 1036 mortis
1224 1005 1257 1036 in
1283 1014 1383 1045 agone

1017 1053 1097 1084 Mihi
1124 1053 1167 1084 sis
1193 1053 1366 1093 praesidio,

971 1101 1045 1132 Post
1073 1110 1142 1131 cum
1169 1101 1241 1132 Iesu
1267 1099 1318 1132 fac
1345 1101 1454 1132 videre

970 1149 1023 1179 Me
1050 1149 1186 1180 Mariam
1213 1153 1242 1179 et
1269 1149 1408 1188 gaudere

1016 1196 1133 1227 Tecum
1161 1197 1240 1227 caeli
1266 1196 1355 1227 solio.

257 1306 391 1332 Officium
414 1314 521 1332 novum
547 1307 623 1332 beati
647 1307 787 1333 Iohannis
808 1308 878 1342 imp.
900 1307 1051 1334 Bononiae
1074 1306 1155 1334 1525.

628 1491 694 1520 238.
738 1491 778 1521 De
801 1494 909 1522 sancto
931 1492 1050 1532 Ioseph.

192 1608 226 1638 1.
254 1607 369 1637 Inclite
396 1606 514 1637 christi
541 1605 714 1646 confessor,

254 1653 370 1684 Sancte
395 1653 524 1693 loseph,
549 1657 580 1684 te
607 1654 762 1694 deprecor

256 1700 334 1732 Cum
360 1700 475 1739 Maria,
502 1705 603 1731 matre
627 1702 758 1739 Christi,

257 1748 352 1779 Cuius
378 1757 511 1786 sponsus
538 1752 571 1778 tu
598 1748 697 1788 fuisti,

193 1873 225 1903 2.
255 1872 457 1912 virginitatis
479 1874 592 1904 merito

252 1920 330 1950 Eius
356 1921 481 1951 iunctus
508 1922 666 1952 consortio

256 1967 326 1998 Non
353 1968 502 2007 gignendi
529 1969 692 2007 proposito

257 2014 318 2046 Sed
348 2015 457 2046 latenti
484 2017 645 2054 mysterio.

190 2141 222 2173 3.
252 2141 341 2172 Inter
366 2143 488 2171 ceteros
514 2141 642 2183 electus,

252 2188 281 2219 A
308 2188 436 2219 Christo
462 2189 562 2226 magis
590 2189 735 2232 dilectus,

256 2236 351 2267 Cuius
378 2245 484 2266 curam
512 2242 544 2268 tu
571 2238 706 2279 gessisti,

255 2285 351 2324 Quem
379 2284 409 2314 in
437 2284 519 2316 ulnis
548 2285 707 2318 baiulasti.

258 2399 390 2426 vaotae
412 2400 566 2426 orationes
586 2400 871 2429 (Fontrebaldenseffl
892 2403 960 2438 imp.
982 2403 1105 2431 Parisiis
1131 2404 1211 2434 1546.

880 1609 913 1640 4.
940 1609 1018 1646 Quia
1045 1618 1083 1640 ex
1111 1614 1142 1640 te
1167 1611 1198 1641 in
1227 1611 1285 1642 hae
1312 1613 1377 1643 vita

941 1655 1043 1687 Grata
1067 1657 1139 1688 tulit
1164 1658 1325 1701 obsequia,

942 1703 989 1735 Ob
1016 1705 1048 1735 id
1076 1714 1132 1745 per
1158 1710 1212 1737 tua
1234 1709 1349 1739 merita

943 1752 1059 1790 Aegris
1085 1752 1209 1785 confert
1234 1757 1385 1790 remedia.

903 1898 912 1908 .
942 1876 1034 1908 Unde
1060 1878 1173 1918 dignus
1200 1889 1314 1920 magna
1339 1883 1435 1915 laude

943 1925 1037 1964 Apud
1064 1927 1224 1958 Christum
1251 1929 1426 1971 intercede,

942 1972 984 2004 Ut
1011 1982 1068 2013 per
1094 1984 1166 2005 suas
1194 1976 1306 2016 dignas
1332 1988 1445 2018 preces

944 2020 1078 2052 Nostros
1104 2023 1244 2062 expellat
1271 2025 1452 2067 languores.

902 2170 908 2175 .
937 2145 1084 2178 Gloriosa
1110 2151 1164 2179 tua
1189 2159 1285 2188 prece

937 2193 1002 2224 Nos
1027 2194 1067 2225 ab
1093 2197 1178 2226 omni
1204 2198 1277 2230 lava
1303 2199 1402 2244 faece,

936 2241 981 2273 Ut
1006 2245 1077 2281 post
1102 2243 1195 2275 istam
1220 2247 1381 2280 miseriam

937 2289 1154 2322 Perducamur
1175 2293 1217 2324 ad
1244 2295 1388 2334 gloriam.

1232 2423 1268 2426 —
1294 2409 1326 2442 6,
1347 2409 1366 2439 3
1391 2413 1497 2448 ipsam.
