1651 2680
687 102 948 140 —327—

190 198 251 232 98.
277 198 337 238 Qui
362 198 440 231 colis
464 197 629 239 mundum,

281 245 372 278 Scias
396 245 604 285 immundum,

275 294 464 334 Extollitur‚

274 342 437 382 vergitur,

272 389 442 430 Mergitur,

272 436 394 476 Nescit,
422 437 508 476 quod
533 438 674 471 intendit

272 484 331 516 Vel
356 485 441 525 quod
468 487 695 526 apprehendit.

882 202 944 238 9b.
972 204 1039 236 Mel
1065 205 1123 237 sed
1150 203 1283 236 fellitum

971 252 1040 284 Nec
1065 253 1254 293 impunitum

969 301 1028 340 Qui
1055 301 1187 338 suxerit,

970 348 1109 387 Deserit,

965 396 1090 428 Deterit

967 444 1109 476 Mentem
1137 448 1168 475 et
1193 446 1359 485 suspendit

962 492 1031 523 Nec
1056 494 1154 531 videt,
1182 502 1243 532 quo
1270 494 1382 527 tendit.

525 594 583 625 90.
612 593 694 632 Quid
721 597 754 625 te
779 596 982 636 suspendas?

610 641 703 684 Vide,
731 651 793 682 quo
818 644 942 683 tendas⁷

608 689 663 721 Ad
688 690 821 723 horrida

609 737 732 770 Lurida

610 785 749 818 Tartara

608 834 675 866 Iam
703 835 801 867 miser
827 836 1003 875 descendit,

609 882 668 920 Qui
694 882 798 915 Deum
823 884 967 917 offendit.

159 985 238 1017 lOa.
265 985 291 1017 Ο
315 985 390 1025 iam,
417 986 545 1024 misera,

266 1033 334 1064 Iam
361 1034 540 1077 considera,

848 991 891 1022 10
903 990 933 1024 b.
961 990 1070 1030 Surge,
1099 999 1236 1029 propera

960 1039 1070 1070 Mente
1096 1037 1209 1073 libera,

265 1081 357 1120 Quod
383 1084 425 1114 ad
453 1081 557 1114 infera

312 1130 483 1170 Properas,

309 1177 380 1209 Nisi
407 1187 462 1210 vas

311 1226 412 1258 Tuum
439 1226 552 1258 abluas

359 1275 468 1306 Potius
494 1278 525 1306 te
551 1276 670 1307 munda

959 1086 1076 1118 Matris
1103 1085 1201 1117 ubera

1005 1134 1146 1174 Repetas

1004 1182 1045 1213 Et
1073 1183 1171 1222 vivus,

1006 1230 1039 1261 Si
1067 1229 1239 1270 paenitens,

1051 1278 1165 1310 Omnia
1191 1282 1264 1308 sunt
1290 1279 1416 1314 munda,

538 1382 581 1414 10
592 1391 619 1415 e.
646 1383 714 1414 Iam
741 1381 911 1414 fructifera

650 1430 786 1463 Florent
811 1439 920 1471 opera,

649 1478 683 1510 Si
709 1488 781 1511 cum
807 1488 906 1520 opera

696 1527 842 1559 Seminas

695 1575 833 1619 Semina,

696 1625 819 1665 Purgat
844 1624 978 1656 sordida

147 1776 229 1810 lla.
257 1776 359 1809 Terra
384 1777 480 1810 flores

253 1825 297 1857 Et
320 1827 437 1858 odores

304 1874 435 1907 Profert
462 1873 546 1907 dono
573 1875 675 1916 roris;

253 1923 360 1955 Iustus
386 1923 489 1964 plora,

252 1972 316 2005 Cor
340 1972 444 2004 irrora

301 2020 405 2052 Fonte
430 2019 614 2061 salvatoris,

144 2128 188 2161 12
201 2137 229 2160 a.
256 2127 326 2159 Nec
351 2129 399 2158 est
425 2126 515 2164 hora,

249 2176 337 2216 Quae
362 2174 406 2206 sit
430 2183 530 2216 mora,
621 2203 626 2209 ,

300 2223 401 2262 Quam
428 2221 487 2253 tibi
512 2222 701 2263 proponas?

251 2271 286 2305 Si
312 2280 376 2303 non
401 2270 506 2307 modo,

255 2320 336 2353 Cras
359 2319 519 2359 quomodo

300 2367 420 2400 Melius
447 2366 600 2407 disponas

299 2414 480 2448 Annonas?

745 1672 887 1713 Spiritus
913 1676 945 1703 et
971 1673 1067 1705 unda.

840 1779 882 1811 11
895 1778 926 1811 b.
955 1778 1004 1810 Ne
1030 1779 1196 1811 seductum

952 1827 1071 1859 Perdat
1099 1827 1237 1858 fructum

999 1875 1093 1907 Mens
1120 1875 1245 1907 intenta
1271 1875 1367 1917 foris;

948 1923 1047 1961 Iusta,
1075 1927 1172 1960 certa,

949 1971 1032 2002 Dum
1059 1972 1183 2003 ineerta

997 2019 1087 2051 Mors
1113 2020 1247 2051 insultat
1272 2022 1369 2062 poris.

834 2126 917 2160 12b.
945 2126 1077 2158 Sursum
1104 2129 1134 2157 te
1162 2124 1220 2165 fer,

947 2174 1090 2206 Mentem
1116 2173 1255 2214 praefer,

996 2222 1049 2254 Ad
1076 2223 1135 2254 hoc
1162 2231 1216 2254 cor
1241 2233 1395 2266 apponas,

947 2271 1000 2304 Sic
1026 2275 1058 2302 et
1082 2270 1129 2302 ibi

948 2319 1045 2351 Caelo
1070 2318 1130 2351 tibi

994 2367 1114 2399 Mem'to
1140 2376 1276 2407 reponas

994 2416 1146 2449 Coronas.
