1651 2680
710 106 872 142 -247
923 126 971 131 -

221 204 253 235 5.
281 203 387 243 Salve,
412 203 514 243 virgo,
541 204 645 236 cilicio

278 251 346 284 Tua
371 251 524 289 membra.
551 252 669 283 ieiunio

277 300 364 339 Quae
391 298 544 332 domabas
570 301 723 339 exterius,

280 348 323 381 Ut
349 347 504 388 templum
531 356 616 379 esses
643 348 786 387 spiritus.

242 478 249 485 .
279 454 386 494 Salve,
412 462 492 494 quac
519 453 723 486 Valerianum

279 502 370 533 Pium
397 502 464 533 eius
491 504 522 532 et
547 511 730 541 germanum

280 549 400 581 Christi
424 548 519 580 fidem
549 549 685 581 docuisti

281 598 325 630 Et
350 601 523 637 martyrem
551 598 694 630 effecisti.

241 728 248 735 .
276 703 380 740 Salve,
408 708 462 734 tuo
489 712 558 734 cum
586 705 718 744 coniuge

277 752 368 790 Quod
394 752 462 782 sine
488 751 559 791 lege
584 752 750 791 coniugum

276 799 381 830 Vitam
410 799 530 830 duxisti
557 800 709 830 caelibem

272 847 371 879 Juxta
397 847 532 879 Mariam
561 848 728 887 virginem.

241 978 248 984 .
276 953 301 985 O
328 951 439 984 felices
466 961 520 983 vos
547 962 713 994 personae,

273 1000 394 1040 Quibus
421 1001 515 1031 datae
539 1005 612 1031 sunt
639 1010 772 1033 coronae

275 1048 395 1079 Factae
419 1048 500 1079 rosis
526 1057 563 1078 ac
589 1049 666 1080 liliis

271 1097 300 1127 A
326 1096 472 1127 manibus
498 1096 668 1136 angelicis!

240 1226 247 1233 .
274 1200 378 1242 Salve,
409 1200 508 1239 virgo,
535 1210 615 1240 quae
641 1201 775 1240 impium

273 1247 441 1287 superasti
466 1248 668 1280 Almachium

271 1296 418 1337 Ratione,
447 1296 477 1326 vi
504 1296 674 1328 verborum

271 1343 343 1376 Tibi
375 1343 508 1376 caelitus
536 1344 695 1378 datorum.

887 206 940 238 10.

889 456 940 487 11.

886 706 939 737 12.

883 955 935 986 13.

883 1202 935 1233 14.

970 206 1076 242 Salve„
1103 214 1200 237 verna
1226 205 1380 236 studiosa.

971 254 1014 286 Ut
1039 255 1109 294 apis
1135 258 1368 293 argumentosa,

970 302 1098 334 Christo
1122 310 1201 340 pure
1227 302 1405 335 serviendo,

970 349 1156 381 incredulos
1184 350 1409 382 convertendo,

972 455 1119 495 Perquod
1131 454 1275 486 Christus
1282 455 1498 494 praedicatur.

968 504 1139 535 Exaltatur
1166 508 1194 533 et
1223 503 1380 538 laudatur,

967 553 1056 590 Quod
1084 551 1220 591 pueliam
1248 551 1435 589 virginalem

970 599 1134 630 Famularn
1163 598 1291 629 haberet
1321 599 1425 630 talem.

968 705 1073 743 Salve,
1099 713 1179 744 quae
1205 709 1236 734 te
1263 704 1426 734 tradidisti

965 753 1016 784 Ad
1045 756 1176 783 mortem
1205 761 1312 782 amore
1336 752 1466 783 Christi.

965 802 1065 839 Quem
1076 809 1135 839 pro
1146 809 1205 838 me,
1220 808 1346 838 quaeso.
1362 800 1499 839 implora

964 849 1089 880 Mecum
1118 847 1223 886 sisque
1250 849 1359 878 mortis
1386 848 1472 878 hora.

966 954 1071 991 Salve,
1100 959 1186 984 tuum
1215 953 1437 992 corpusculum

964 1003 1055 1041 Quod
1075 1003 1159 1033 inter
1177 1001 1301 1031 tumbas
1317 1001 1496 1039 praesulum

964 1050 1069 1089 Digne
1095 1049 1195 1080 locari
1221 1049 1334 1079 meruit

962 1098 1132 1137 signisque
1159 1097 1266 1127 multis
1293 1097 1418 1128 claruit.

965 1199 1071 1241 Salve,
1099 1198 1252 1243 [martyr]
1279 1201 1429 1240 gloriosa,

964 1250 1051 1280 Inter
1077 1248 1217 1287 virgines
1243 1248 1375 1284 famosa,

963 1300 1049 1335 Quae
1073 1307 1092 1328 a
1117 1300 1219 1327 matre
1248 1296 1415 1327 benedicta

962 1344 1080 1376 Sancta
1107 1344 1195 1383 virgo
1222 1348 1254 1374 tu
1282 1353 1314 1374 es
1343 1344 1437 1376 dicta.

518 1450 572 1482 15.
603 1450 700 1490 Rogo,
729 1453 841 1481 sancta
867 1449 1017 1489 Caecilia,

603 1498 655 1529 Me
682 1497 810 1530 Christo
836 1498 1008 1529 reconcilia

601 1549 707 1585 Atque
734 1551 788 1578 tua
812 1555 871 1585 per
898 1547 1012 1577 merita

600 1594 761 1635 Absterge
785 1602 857 1625 mea
883 1595 1027 1628 crimina.

245 1698 366 1726 Collect.
400 1708 452 1725 ms.
485 1699 655 1732 Libehardi,
689 1700 796 1735 prioris
827 1699 1076 1730 Reichenbacen„
1109 1701 1178 1726 anni
1213 1698 1294 1726 1476.
1325 1700 1398 1727 Cim.
1432 1702 1492 1727 Mc»-

166 1745 270 1765 nacen.
292 1735 377 1764 2990.
402 1751 439 1756 —-
463 1736 505 1767 11,
531 1736 543 1764 1
567 1738 623 1764 Per
644 1746 727 1773 quos.

598 1938 669 1968 20⁶2.
712 1937 754 1968 De
775 1940 886 1968 saneta
906 1938 1054 1969 Caecilia.

204 2079 234 2112 1,
265 2077 413 2114 Florens,
440 2076 540 2118 virgo,
571 2077 651 2108 caeli
678 2086 760 2119 rore,

262 2125 461 2158 Obumbrata
486 2123 599 2156 florum
625 2124 704 2156 flore

313 2173 466 2210 caelitus,
495 2173 648 2207 Caecilia.

261 2222 420 2262 Sponsum
446 2224 534 2252 tuum
561 2221 601 2253 ab
629 2231 748 2261 errore,

259 2272 410 2304 Fratrem
435 2269 502 2301 eius
528 2271 597 2309 pari
626 2279 714 2302 more

311 2318 441 2350 Vocasti
468 2318 620 2358 propitia.

897 2079 928 2110 2.

956 2078 1016 2109 His
1044 2078 1208 2110 Urbanum
1236 2078 1267 2110 in
1294 2080 1434 2111 candore

955 2126 997 2158 Ut
1025 2127 1194 2158 caelestem
1221 2126 1252 2157 in
1278 2128 1451 2167 splendore

1003 2174 1239 2206 Demonstrasti
1267 2177 1412 2210 conscia:

955 2223 1017 2255 Per
1043 2227 1074 2254 te
1100 2222 1185 2254 salus
1212 2223 1243 2254 in
1270 2224 1434 2265 languore,

955 2272 1070 2312 Detur,
1097 2270 1186 2311 quies
1212 2271 1245 2302 in
1270 2272 1392 2314 labore,

1005 2320 1041 2351 In
1069 2319 1188 2350 delicto
1215 2321 1319 2355 venia.

238 2426 320 2454 Orat.
343 2433 394 2453 ms.
416 2424 572 2460 Anglican.
595 2432 671 2452 saec.
697 2422 738 2451 13.
761 2423 831 2452 Cod.
853 2425 1016 2452 Londinen.
1039 2425 1088 2453 Ar.
1110 2423 1174 2453 201.
