1651 2680
713 70 758 76 -..
809 51 949 88 74-

209 175 216 182 .
244 149 293 180 Ne
318 149 471 188 perderes

292 197 359 236 hos,
386 205 464 237 quos
490 195 672 239 condidisti,

246 245 321 277 Post
347 254 365 276 a
390 244 493 284 patris

291 293 362 324 sinu
389 291 583 323 descendisti

341 340 377 371 In
403 344 526 371 uterum
554 339 696 378 virginis,

246 387 310 420 Ubi
337 388 466 418 summis

292 436 356 467 ima
381 435 585 476 coniunxisfi,

245 483 323 516 Cum
349 483 486 523 benigue

293 536 397 563 tecum
424 530 554 562 univisti

343 579 560 611 Substantiam
586 577 733 610 hominis.

213 679 219 686 .
246 652 327 689 Ave,
356 653 439 690 Iesu,

296 699 382 731 Deus
408 698 603 735 incarnatus,

247 747 333 778 Deus
358 747 462 784 homo,

297 795 336 826 de
363 794 484 833 virgine
512 797 615 831 natus,

343 843 480 880 Postque
505 845 617 872 octava
644 839 696 871 die

248 891 310 922 Pro
336 890 438 921 salute

294 941 406 969 nostra
431 936 647 975 circumcisus,

246 986 326 1017 Inde
354 988 475 1025 captus,

295 1033 430 1069 derisus,
458 1032 580 1063 occisus

344 1080 405 1111 Per
431 1080 542 1119 plenos
568 1079 719 1110 invidiae.

213 1177 220 1184 .
249 1153 311 1184 Per
336 1151 418 1183 hanc
440 1154 572 1183 mortem

295 1204 427 1231 mortem
454 1199 613 1239 occidisti,

247 1248 345 1287 Quam
372 1246 525 1278 ardenter

296 1304 415 1334 nosque
443 1294 595 1335 dilexisti,

342 1342 583 1380 Demonstrans‚
610 1341 683 1373 Iesu
707 1341 769 1380 pie.

247 1389 457 1430 Resurgendo

298 1439 394 1469 vitam
421 1437 590 1477 reparasti,

249 1484 464 1517 Ascendendo

298 1538 422 1575 portam
448 1533 598 1563 reserasti

346 1581 563 1620 caelestisque
588 1580 723 1620 patriae.

214 1678 221 1686 .
249 1653 343 1684 Nunc
369 1653 408 1683 de
434 1652 510 1683 sede

298 1705 370 1732 tuae
397 1700 571 1731 maiestatis

249 1749 302 1780 Ad
328 1757 384 1780 nos
413 1747 548 1779 clamas:

299 1805 365 1835 voe,
392 1796 445 1835 qui
472 1795 625 1827 laboratis

346 1844 384 1875 ln
410 1843 563 1884 peccatis,
590 1843 720 1882 currite,

249 1893 360 1932 Iugum
387 1891 457 1923 leve

300 1949 389 1971 meae
416 1938 559 1970 caritatis

252 1988 388 2028 Propter
413 1991 504 2018 tanta

300 2036 384 2067 dona
408 2034 538 2074 pietatis

348 2083 384 2114 In
412 2082 501 2114 vobis
528 2081 691 2121 suscipite.

216 2180 224 2189 .
251 2156 330 2194 Ave,
360 2155 442 2192 Iesu,

302 2207 413 2234 auctor
439 2202 637 2241 clementiae,

252 2251 461 2284 Peccatorum

301 2303 370 2330 tota
394 2306 469 2340 spes
494 2298 617 2336 veniae,

348 2346 441 2378 Dona
467 2345 544 2378 mihi
569 2346 712 2385 veniam;

878 1416 933 1448 10.

882 1918 936 1950 11.

955 147 1097 181 Mentem
1122 157 1223 181 meam

1001 196 1092 236 reple
1118 195 1288 229 dulcedine

957 243 1110 276 Caritatis

1003 296 1098 332 atque
1124 291 1307 330 munimine,

1052 340 1097 373 Ut
1121 344 1154 372 te
1179 340 1280 372 solum
1306 337 1424 371 sitiam.

923 437 931 446 .
956 413 1056 444 Amor
1081 414 1153 443 tuus

1004 460 1110 491 lumen
1136 462 1184 490 est
1209 458 1373 497 mentium,

957 509 1065 540 Favus
1091 506 1205 545 mellis,

1005 554 1142 588 dulcedo
1168 552 1310 585 cordium

1049 602 1137 642 Pigm
1142 605 1311 640 entumque
1320 600 1493 642 caelicum;

926 649 934 659 ⁸
957 651 1057 684 Omne
1084 658 1213 689 prorsus

1006 698 1133 730 excedit
1159 696 1319 736 gaudium,

957 746 1057 778 Omne
1083 745 1192 776 simul-

1006 801 1066 833 que
1091 792 1298 829 desiderium,

1053 840 1169 872 Vinum
1195 842 1244 872 est
1269 839 1463 880 angelicum.

925 939 932 946 .
959 913 1028 944 Tua
1054 912 1135 950 luce,

1007 961 1090 998 Iesu,
1119 959 1260 991 clarifica

958 1008 1065 1041 Meam
1091 1011 1238 1046 mentem,

1007 1056 1081 1089 vino
1108 1055 1247 1087 laetifica

1054 1103 1212 1135 Affectum
1239 1101 1440 1140 mellificans,

960 1153 1005 1185 Ut
1031 1156 1062 1183 te
1089 1153 1189 1182 solnm

1007 1208 1134 1238 semper
1159 1198 1309 1238 esuriam,

960 1248 1015 1287 Te,
1045 1246 1180 1279 dulcedo

1007 1295 1165 1334 vitaeque,
1191 1294 1298 1325 sitiam

1056 1342 1183 1374 Laudes
1210 1346 1280 1374 tuas
1306 1341 1478 1382 replicans.

960 1415 1040 1455 Ave⁷
1069 1415 1152 1454 Iesu,

1008 1467 1094 1494 totus
1120 1461 1267 1494 amabilis

961 1511 1004 1543 Et
1030 1519 1108 1550 prae
1134 1511 1256 1541 cunctis

1010 1558 1245 1599 desiderabilis,

1057 1606 1187 1638 Omnem
1197 1615 1323 1637 sensum
1330 1613 1498 1646 superans,

962 1654 1059 1686 Cuius
1085 1663 1175 1686 amor

1011 1711 1066 1734 cor
1093 1711 1196 1734 meum
1222 1700 1335 1741 afficit,

961 1750 1000 1782 In
1026 1758 1119 1790 quem
1145 1754 1214 1782 tota

1010 1808 1098 1829 mens
1125 1807 1195 1829 mea
1223 1797 1330 1830 deficit

1059 1846 1106 1877 Te
1131 1846 1234 1878 solum
1261 1845 1462 1878 desiderans,

963 1917 1013 1950 Ex
1041 1919 1101 1950 hac
1128 1927 1224 1950 carne

1014 1966 1145 1998 dissolvi
1173 1968 1276 2006 cupio,

964 2013 1081 2046 Tecum
1108 2022 1178 2046 esse

1013 2062 1045 2094 in
1072 2062 1129 2093 illo
1155 2063 1271 2101 gaudio

1059 2110 1234 2150 Angelicae
1261 2110 1389 2150 curiam

966 2157 1014 2190 Tu
1039 2166 1089 2189 me
1115 2157 1225 2190 trabas

1013 2214 1053 2238 ex
1079 2205 1140 2237 hoc
1164 2205 1279 2238 exsilio

964 2253 1008 2286 Et
1034 2263 1170 2293 reponas

1011 2302 1046 2334 in
1070 2306 1126 2333 tuo
1151 2302 1284 2344 gremio,

1062 2349 1131 2383 Rex
1157 2350 1409 2384 misericordiae.
