1651 2680
163 192 220 225 21.

166 523 220 555 22.

167 855 219 886 23.

160 1508 215 1539 25.

156 1835 210 1867 26.

155 2163 210 2197 27.

679 114 726 118 —
779 95 843 130 141

245 190 290 223 In
317 200 430 223 vanum
458 200 556 231 saepe
581 192 734 232 iuramus,

245 239 333 278 Quae
358 243 432 271 sunt
455 240 526 281 Dei,
554 248 614 271 non
639 249 785 272 curamus

246 287 379 319 Inimico
405 287 572 328 suadente,

245 335 291 368 Te
317 343 392 375 ergo
419 343 474 367 nos
501 335 660 376 dirigente

245 383 379 415 Missum
406 382 560 416 faciamus
587 392 705 415 morem

292 431 370 462 Tam
397 432 576 463 scelestum.

248 522 324 554 Hac
349 522 416 553 vita
442 521 529 553 brevi
558 527 587 553 et
617 532 696 553 vana

245 570 369 609 Omnia,
396 579 477 609 quae
503 574 575 601 sunt
602 569 749 609 profana,

247 617 443 650 Ilcberemus
470 618 603 657 evitare,

248 665 389 698 Sabbata
415 665 617 697 sanctificare

246 715 361 754 Legem
390 713 449 745 Dei
476 713 687 751 observando,

295 762 339 794 Ut
363 762 538 794 mandavit.

247 853 481 885 Lacrimarum
510 853 610 884 imbre
638 852 710 892 fusi,

245 901 408 939 Fatemur,
436 910 543 932 sumus
569 901 658 933 abusi

245 949 281 980 In
308 952 458 988 parentes
484 954 513 979 et
541 954 704 989 cognatos,

246 997 308 1029 Sed
329 1001 372 1036 tu.
394 1001 506 1035 mater,
526 996 577 1028 fac
592 1005 648 1028 nos
663 1001 782 1036 gratos,

246 1045 289 1078 Ut
316 1045 347 1076 in
374 1053 426 1076 eos
452 1045 652 1084 impleamus

288 1093 378 1133 Quod
406 1098 559 1127 tenemur.

247 1179 335 1211 Valle
360 1180 420 1211 hac
445 1180 541 1219 plena
567 1180 687 1211 doloris

245 1227 439 1259 Ileberemus
466 1229 588 1259 cunctis
616 1228 702 1259 horis

246 1277 397 1308 Pietatem
425 1285 585 1310 exercere,

241 1324 305 1356 Sed
331 1334 435 1357 manu.
463 1324 569 1355 verbis
596 1333 711 1357 nocere

243 1372 308 1403 Nos
335 1372 498 1404 studemus
524 1373 700 1403 occidendo

288 1420 400 1452 Multis
426 1421 540 1454 modis.

243 1507 318 1548 Eia,
347 1507 453 1547 etiam,
480 1507 628 1547 benigna,

241 1555 312 1588 Non
337 1555 475 1595 ignoras,
503 1564 596 1595 quam
624 1555 763 1595 maligna

241 1602 318 1635 Sunt
354 1603 444 1634 nobis
476 1604 580 1635 carnis
608 1610 777 1643 momenta,

241 1652 301 1682 Illa
327 1655 400 1682 sunt
426 1657 535 1683 nostra
563 1656 732 1693 tormenta,

238 1699 281 1731 Et
307 1699 338 1731 in
365 1700 428 1731 illis
457 1700 663 1734 delectamur.

288 1747 382 1780 Unde
409 1748 509 1782 dolor.

239 1834 328 1875 Eryo
354 1838 386 1866 te
413 1834 507 1866 valde
533 1843 672 1873 oramuS,

240 1883 292 1925 Ut,
322 1892 390 1914 cum
417 1883 499 1914 male
526 1892 583 1914 nos
610 1883 754 1915 vivamus

237 1931 354 1963 Aliena
378 1932 592 1972 possidentes,

237 1979 340 2011 Simus
367 1979 615 2019 satisfacientes.

234 2030 415 2068 Antequam
443 2037 500 2060 nos
527 2028 710 2065 moriamur,

281 2077 325 2109 Et
351 2077 491 2110 contriti.

237 2163 408 2195 Advocata
434 2164 628 2204 misericors,

236 2211 285 2243 Tu
295 2212 370 2251 scis,
380 2221 473 2251 quam
486 2212 592 2244 vicina
602 2208 668 2255 [sit]
681 2219 776 2251 mors,

239 2260 311 2292 Suis
337 2260 409 2292 telis
436 2264 483 2292 est
511 2267 654 2300 agressa,

235 2309 388 2341 Attamen
414 2318 476 2340 nou
504 2312 550 2340 est
580 2306 708 2340 defessa

234 2357 357 2398 Lingua
383 2361 502 2400 nostra,
530 2360 565 2388 ut
590 2356 749 2396 producat

280 2405 411 2437 Falsum
438 2409 563 2437 testem.

858 193 914 225 28.

858 524 914 556 29.

941 192 1064 225 Nostra
1090 193 1176 224 salus
1200 196 1294 232 atque
1322 192 1398 231 vita,

941 241 1046 279 Nolis,
1076 241 1249 272 moriamur
1273 241 1329 279 ita,

941 288 983 321 Ut
1010 289 1051 320 ad
1078 290 1210 320 miseros
1236 288 1390 319 vadamus

941 336 1062 376 Neque,
1091 337 1181 377 velia
1208 337 1372 376 cupiamus

941 385 1082 416 Proximi
1109 385 1208 415 nostri
1235 394 1365 415 uxorem

987 432 1054 464 Nec
1080 432 1240 465 ancillam.

940 523 1024 555 Illos
1050 524 1144 554 etiam
1171 523 1313 562 affectus,

942 572 1002 610 Qui
1029 575 1154 603 nostros
1180 576 1295 611 augent
1322 570 1476 607 defectus,

942 619 1013 650 Non
1040 620 1178 660 ignoras,
1206 624 1308 651 mater
1334 628 1432 659 purw,

942 667 1078 698 Nostras
1104 676 1178 706 ergo
1204 670 1325 698 mentes
1353 676 1437 698 cura.

942 715 991 746 Ne
1017 718 1106 746 tanta
1133 716 1393 755 concupiscamus

987 763 1113 795 Aliena.

859 858 865 883 ζ
908 880 912 884 .
940 854 1028 886 Tuos
1057 860 1179 893 cantus,
1206 859 1276 885 tuas
1305 862 1395 884 voces

854 1181 908 1212 231.

853 1509 910 1540 32.

852 1837 907 1869 33.

851 2165 910 2196 34.

941 903 1092 937 Petimus,
1119 906 1153 933 ut
1179 911 1235 932 nos
1263 910 1391 932 revoces

941 950 991 981 Ad
1021 950 1119 989 legem
1149 950 1207 981 Dei
1235 950 1435 989 servandam,

941 998 1048 1029 Aliter
1075 998 1168 1028 valde
1195 997 1382 1037 plorandam

942 1045 1133 1076 Dubitamus
1161 1046 1242 1076 diem
1271 1046 1357 1075 illam

985 1093 1178 1125 Tribunalis.

937 1180 1167 1211 misericordes
1194 1179 1345 1211 debemus

939 1229 1115 1268 Proximos,
1138 1237 1214 1267 quos
1234 1237 1290 1258 nos
1312 1228 1472 1261 habemus,

935 1276 1110 1316 Tamquam
1138 1275 1256 1307 fratres
1283 1276 1474 1315 amplexari,

935 1325 1005 1356 Hoc
1031 1325 1155 1364 agendo
1181 1324 1299 1355 imitari

935 1372 1002 1403 Nos
1027 1381 1191 1412 possemus
1220 1373 1302 1402 vitae
1330 1380 1446 1403 morem

983 1421 1054 1452 Iesu
1083 1420 1212 1452 Christi.

936 1507 1052 1540 Oruzos
1079 1513 1149 1539 tuos
1176 1508 1329 1548 benignos

936 1556 969 1588 Si
993 1557 1033 1588 ad
1054 1565 1122 1593 nos,
1150 1556 1294 1596 quamvis
1313 1555 1471 1594 indignos,

935 1605 1054 1644 Aliqua
1081 1604 1228 1635 vertebas
1256 1604 1344 1639 hora,

935 1653 1030 1684 Certo
1056 1657 1159 1683 essent
1188 1653 1320 1683 meliora

934 1701 992 1738 Ea,
1020 1710 1100 1740 quae
1127 1710 1182 1732 nos
1209 1710 1381 1740 operamur

982 1749 1051 1780 Hac
1080 1749 1109 1779 in
1138 1750 1212 1780 vita.

936 1835 996 1866 Ad
1019 1839 1050 1865 te
1077 1839 1210 1866 matrem
1235 1835 1432 1866 lacrimando

935 1884 1159 1923 Properamus,
1186 1883 1391 1922 postulando,

934 1932 977 1965 Ut
1004 1942 1022 1963 a
1049 1931 1168 1963 morbis
1194 1941 1250 1962 nos
1277 1941 1433 1962 curemur.

934 1980 1015 2011 Nam
1025 1980 1138 2018 tuscis,
1150 1984 1302 2019 quantum
1315 1989 1471 2016 veremur,

933 2028 982 2059 Ne
1009 2028 1127 2067 leprosi
1154 2037 1210 2059 nos
1238 2029 1390 2059 vadamus

982 2077 1034 2108 Ad
1061 2085 1205 2108 examen.

937 2162 1005 2195 Nos
1032 2163 1143 2194 maesti
1169 2166 1264 2203 atque
1291 2164 1454 2203 plorantes·

936 2210 1005 2242 Deo
1031 2220 1138 2255 sumus
1164 2211 1392 2251 supplicantes,

936 2259 977 2292 Ut
1006 2269 1065 2299 pro
1093 2259 1183 2290 nobis
1209 2260 1409 2297 intercedas;

935 2307 1059 2339 Scimus
1085 2308 1179 2349 enim,
1207 2308 1234 2339 si
1262 2309 1420 2343 discedas.

934 2355 1001 2387 Nos
1027 2356 1136 2387 tristes
1162 2360 1257 2396 atque
1283 2358 1428 2390 turbatos

976 2405 1177 2439 Permanere.
