1651 2680
699 111 747 116 —
795 92 863 128 192
914 111 958 117 —

190 183 247 216 12.
274 183 327 215 Ad
353 187 396 223 te,
422 184 537 224 Maria,
563 186 714 228 redimus,
874 189 930 223 13.
956 189 1023 221 Fac
1048 198 1105 220 nos
1129 189 1284 220 immunes
1308 194 1328 216 a.
1351 183 1446 221 malo,

275 231 356 269 Quia
381 230 449 262 sine
473 235 506 262 te
529 233 680 272 perimus,
957 237 1048 275 Quod
1073 236 1180 268 attulit
1203 234 1275 266 Eva
1299 232 1394 271 malo,

324 278 422 309 Porta
447 279 526 310 caeli
551 280 672 319 pervia,
958 284 1002 316 Et
1026 287 1098 324 post
1122 285 1255 316 mortem
1280 281 1313 312 in
1339 278 1440 320 gloria

277 325 387 357 Omnis
412 325 534 357 intrans
560 327 660 359 intrat
682 336 741 367 per
763 332 806 369 te,
960 332 1027 363 Nos
1053 331 1160 371 recipe
1186 338 1255 361 cum
1281 327 1397 368 gaudio

277 373 347 404 Hoc
371 373 432 404 scit
457 377 489 404 et
512 374 600 406 videt
624 378 744 415 aperte,
961 378 1158 418 Regnaturos
1184 386 1255 409 cum
1279 376 1357 409 filio.

325 420 386 460 Qui
410 426 515 452 manet
541 422 573 453 in
600 423 714 462 patria.

260 523 382 552 Collect,
404 533 456 551 ms,
478 525 507 552 S.
530 526 642 553 Mariae
663 525 698 553 de
719 527 785 554 Noa
805 536 880 556 saec.
903 525 945 556 13.
988 529 1056 556 Cod.
1079 530 1203 556 Par-isin.
1225 527 1310 556 3388.

624 665 686 697 144.
727 666 769 697 De
790 666 888 698 Beata
907 667 1006 699 Maria
1028 669 1061 698 V.

225 765 255 797 1.
283 766 363 799 Ave,
390 765 537 804 gloriosa,
907 766 940 799 6.
967 766 1016 798 Tu
1041 767 1129 806 virgo
1154 770 1288 805 sacrata,

282 812 395 845 Duicis
420 817 450 843 et
477 811 627 851 formosa,
970 813 1068 845 Flore
1092 818 1276 854 comparata

332 862 439 893 Mater
461 861 594 900 gratiae,
1020 861 1133 902 Rosae,
1160 861 1237 899 lilio,

281 909 389 949 Stirpe
414 917 576 950 generosa,
973 908 1118 940 Moribus
1142 912 1264 947 ornata,

282 958 377 989 Prole
404 957 553 998 pretiosa,
975 956 1095 987 Vernas
1120 957 1201 987 sicut
1226 960 1318 995 prata

330 1004 416 1036 Fons
443 1005 639 1038 clementiae.
1020 1004 1117 1035 Flore
1142 1004 1241 1036 vario.

223 1112 256 1143 2.
282 1110 414 1142 Gemma
440 1111 579 1150 pietatis,
917 1109 946 1142 7.
975 1110 1022 1142 Tu
1048 1118 1081 1140 es
1108 1108 1178 1140 fons
1204 1109 1315 1140 salutis

284 1158 394 1189 Nexus
421 1157 560 1195 unitatis,
975 1157 1102 1188 Robore
1128 1156 1254 1188 virtutis

333 1205 421 1236 Lanx
449 1205 597 1241 iustitiae,
1019 1204 1063 1235 Et
1089 1203 1265 1242 clementia,

281 1252 401 1283 Nornla
427 1252 616 1291 sanctitatis,
972 1251 1092 1291 Caecis,
1120 1250 1235 1287 surdiS‚
1262 1251 1367 1290 mutis,

281 1299 403 1330 Dulcor
429 1299 582 1337 caritatis,
971 1297 1040 1336 Ope
1065 1297 1225 1328 destitutis

327 1346 442 1377 Datrix
469 1346 588 1377 veniae.
1017 1344 1083 1376 Das
1109 1344 1260 1376 remedia.

223 1449 254 1480 3.
282 1448 331 1478 Tu
356 1448 424 1478 laus
452 1447 646 1486 angelorum,
912 1447 943 1480 8.
972 1447 1019 1478 Tu
1045 1452 1117 1486 post
1142 1448 1244 1479 Deum
1270 1448 1382 1489 prima,

282 1494 450 1533 Speculum
477 1498 612 1531 tuorum,
971 1494 1106 1526 Summis
1132 1496 1212 1536 ligas
1237 1495 1301 1527 ima

329 1541 417 1573 Caeli
442 1541 552 1581 gloria,
1017 1543 1110 1574 Pacis
1136 1542 1247 1580 fascia,

281 1589 392 1619 Tutrix
419 1589 623 1627 pupillorum,
967 1589 1068 1621 Nobis
1095 1591 1154 1622 zeli
1181 1591 1255 1622 lima

278 1635 414 1666 Ductrix
440 1636 638 1674 captivorum
968 1636 1089 1676 Culpae
1113 1647 1231 1678 purgas
1257 1639 1348 1680 zima,

325 1684 377 1714 Ad
407 1683 577 1721 praesidia.
1017 1685 1066 1716 Sis
1093 1686 1242 1726 propitia.

217 1788 250 1819 4.
277 1787 325 1818 Tu
351 1787 478 1817 maestis
505 1787 655 1828 solamen,
907 1790 938 1821 9.
964 1790 1045 1828 Ave,
1073 1791 1249 1831 margarita

277 1835 391 1874 Aegris
416 1835 621 1874 medicamen,
966 1837 1060 1871 Purav
1088 1848 1149 1870 non
1175 1839 1275 1879 polita

327 1883 391 1913 Piis
418 1883 569 1922 praemia,
1017 1885 1043 1916 F
1046 1886 1156 1926 ulgens
1183 1887 1310 1925 lumine,

276 1930 391 1970 Lapsis
415 1929 495 1960 dans
518 1930 672 1970 levamen,
969 1933 1081 1965 Turris
1108 1940 1213 1966 monte
1239 1935 1312 1974 sita,

279 1977 371 2009 Salus
395 1982 467 2016 post
495 1982 655 2010 certamen
970 1980 1077 2012 Fortis
1103 1986 1133 2012 et
1159 1982 1281 2014 munita

328 2025 414 2057 (jaeli
441 2026 568 2065 gaudia.
1017 2029 1134 2061 Sancto
1156 2030 1294 2063 flamine.

220 2133 250 2163 5.
274 2132 352 2171 Ave,
381 2130 438 2161 fios
462 2131 604 2169 pudoris,
887 2134 943 2167 10.
971 2133 1018 2164 Tu
1045 2143 1077 2165 es
1104 2135 1283 2173 benedicta,

279 2180 398 2211 Parens
421 2179 600 2221 salvatoris,
970 2181 1122 2214 Nesciens
1150 2183 1279 2221 delicta,

329 2227 426 2259 Plena
451 2227 577 2268 gaudio,
1019 2230 1133 2262 Vatum
1160 2231 1311 2270 carmine,

277 2275 377 2306 Donis
403 2275 487 2305 sacri
514 2276 606 2314 roris,
968 2277 1075 2318 Virga,
1103 2279 1200 2311 rubus
1227 2280 1324 2320 dicta,

278 2323 401 2363 Cordis,
428 2326 526 2363 anm,
553 2323 617 2355 oris
970 2324 1127 2358 Constans
1153 2332 1183 2358 et
1210 2337 1272 2358 non
1298 2326 1384 2366 ficta,

323 2370 443 2403 Carens
469 2370 555 2403 vitio.
1020 2374 1094 2405 Sine
1121 2375 1259 2408 dumine.
