1651 2680
334 771 387 802 10.

333 1009 386 1041 15.

332 1247 385 1279 20.

334 1485 388 1517 25.

333 1723 389 1754 30.

334 1963 389 1995 35.

333 2201 392 2232 40.

720 112 980 147 -150-

634 205 687 236 101.
728 204 769 235 De
789 204 887 235 Beata
908 203 1007 235 Maria
1030 205 1064 236 V.

840 275 866 308 I.

415 342 488 373 Rite
516 341 597 372 diem
626 340 740 372 festum
767 341 908 380 colimus,
936 342 1053 374 mundo
1080 341 1294 374 venerandum

416 391 450 420 ln
478 393 555 426 toto,
584 392 712 420 sanctae
736 389 871 428 Mariae,
898 389 1027 421 Domini
1052 390 1233 430 genetriciS,

409 438 496 476 Quae
522 437 688 476 praeclara
715 437 862 468 thronum
889 437 968 468 caeli
996 437 1180 469 conscendit
1205 437 1249 468 ad
1278 436 1378 468 altum

412 485 537 524 Ingenti
563 494 679 524 pompa
704 487 883 515 sanctorum
910 493 980 515 cum
1006 486 1166 516 comitatu.

381 557 386 562 .
416 532 514 571 Ergo,
541 532 600 563 Dei
627 536 739 570 mater,
767 532 890 562 miseris
917 541 1065 563 succurre
1090 532 1229 572 pusilliS,

412 581 503 611 Assis
530 584 561 610 et
588 580 747 610 desolatos
773 578 892 614 refove,
919 588 1011 611 sacra
1036 580 1135 619 virgo,

413 628 477 659 Ora
502 637 560 667 pro
587 628 715 666 populo,
743 627 867 666 pariter
892 635 950 666 pro
976 628 1122 667 supplice
1149 627 1234 658 clero

413 676 453 706 Et
481 674 702 714 profemineo
729 684 806 706 sexu
833 674 948 705 devota
973 679 1094 714 rogato,

413 724 539 762 Optima
567 723 655 754 cuius
681 722 761 754 odor
787 731 843 752 ceu
868 722 1009 753 balsama
1034 727 1163 753 nectare
1190 722 1289 752 multo

419 770 578 801 Funditur
603 776 654 801 aut
683 770 807 808 pulchri
837 770 1002 800 vernantia
1027 770 1096 800 lilia
1120 770 1235 808 campi.

412 818 596 849 Fasciculus
623 827 748 849 murrae
775 827 890 857 sponso
916 821 970 848 tua
995 817 1137 848 membra
1163 825 1304 856 superno

412 867 615 901 Consecrata,
644 865 731 896 favos
757 865 870 904 liquidi
897 865 1081 904 superantia
1108 865 1221 896 mellis.

411 913 543 952 Semper
568 923 636 951 ave,
665 913 782 944 Christi
809 913 954 952 genetrix
980 916 1011 943 et
1037 913 1126 952 virgo
1152 912 1268 950 fidelis,

411 961 511 992 Stella
538 962 644 994 maris.
672 966 706 991 tu
732 965 824 999 porta
850 960 926 999 poli,
953 961 1050 992 saecli
1078 960 1268 999 reparatrix.

416 1009 513 1039 Cuius
540 1010 571 1040 in
598 1010 742 1046 eximiae,
772 1008 956 1047 praeclarae
982 1008 1175 1045 virginitatis

410 1056 514 1087 Electi
541 1057 653 1087 merito
680 1060 847 1087 sacrantur
873 1056 1006 1086 caelitus
1033 1064 1150 1088 omnes,

412 1104 493 1134 Hinc
519 1105 672 1135 exaltaris
701 1104 793 1134 hodic
819 1112 915 1142 super
941 1108 1027 1134 astra
1054 1104 1208 1144 polorum,

409 1153 580 1191 Angc=licos
607 1161 702 1190 super
729 1152 811 1182 alma
837 1152 960 1188 choros,
987 1160 1045 1190 per
1070 1160 1163 1190 quam
1190 1150 1334 1189 paradisi

410 1200 596 1231 panduntur
622 1200 715 1230 hodie
741 1199 831 1229 nobis
857 1202 978 1237 portae⁷
1007 1199 1193 1232 reverenda,

413 1252 495 1286 Quas
521 1248 621 1278 intras
648 1247 731 1278 inter
757 1250 886 1277 cunctas
912 1247 1026 1277 mulier
1048 1246 1227 1278 benedicta.

412 1295 542 1325 (r'antica
567 1295 612 1325 sic
640 1295 746 1325 dicunt
776 1294 814 1324 de
838 1299 884 1324 te:
914 1294 988 1325 Vidi
1017 1294 1193 1333 speciosam

411 1342 475 1373 Ceu
501 1343 670 1376 volucrem,
699 1351 778 1380 quae
804 1340 879 1372 felle
906 1345 1002 1376 caret,
1030 1342 1114 1373 rivos
1140 1351 1199 1381 per
1225 1351 1379 1380 aquarum

411 1390 607 1426 Currentem,
637 1390 723 1420 cuius
752 1389 887 1419 dulcedo
915 1389 1030 1419 decens
1056 1389 1198 1428 inopina.

409 1437 578 1468 Vallabant
605 1436 699 1467 flores
725 1440 754 1466 et
782 1446 850 1468 eain
876 1437 965 1475 quasi
992 1446 1065 1467 vere
1091 1446 1213 1468 sereno.

414 1485 495 1515 Tute
521 1485 601 1519 redi,
629 1484 800 1516 Sunamitis
826 1493 934 1523 ovanS‚
963 1494 1023 1523 quo
1049 1490 1080 1515 te
1108 1485 1289 1518 videamus:

412 1532 497 1562 Sicut
525 1532 577 1571 qui
604 1533 696 1571 (ligne
723 1532 870 1571 gaudent,
899 1532 1053 1562 habitatio
1080 1536 1189 1564 nostra

413 1580 448 1610 ln
476 1585 506 1610 te
533 1584 656 1614 cuncta,
684 1579 743 1610 Dei
770 1584 880 1616 mater,
907 1580 1017 1610 mundi
1043 1580 1283 1619 induperatrix:

414 1628 476 1658 Pro
501 1627 602 1658 servis
629 1628 765 1666 deposce
792 1627 853 1657 tuis
879 1631 986 1658 natum
1013 1627 1071 1658 tibi
1098 1637 1215 1660 carum.

413 1674 509 1713 Gens,
537 1675 648 1714 inquit,
677 1675 794 1705 claram
821 1684 870 1705 me
896 1679 961 1706 tota
988 1675 1134 1714 loquetur
1160 1681 1189 1707 et
1216 1677 1366 1716 amplam,

417 1722 559 1753 Maxima
584 1732 656 1753 nam
682 1722 823 1753 mihimet
850 1721 936 1753 fecit.
964 1723 1017 1762 qui
1042 1724 1142 1762 pollet
1168 1724 1296 1764 ubique.

413 1770 508 1803 Cuius
534 1770 669 1810 virginei
694 1779 817 1809 qnoque
844 1770 926 1801 dona
952 1770 1062 1802 favore
1088 1772 1220 1810 pudoris

412 1818 588 1857 Exsequar‚
616 1818 735 1857 ignoro,
763 1821 872 1856 portas
897 1819 981 1857 quod
1007 1825 1119 1850 cuncta
1147 1826 1318 1860 regentem.

412 1866 472 1907 En,
500 1865 593 1902 oculi,
620 1866 739 1906 regina,
767 1865 811 1895 tui
841 1865 991 1897 divinitus
1018 1867 1103 1898 orbis

413 1914 584 1953 Tamquam
612 1911 682 1944 fons
705 1912 842 1948 Esebon,
869 1914 1010 1952 piscinae
1035 1915 1213 1957 nobilioris,

417 1961 453 1992 In
479 1966 573 2001 porta
598 1970 678 2000 quae
701 1959 735 1991 fit
762 1961 885 1999 genitae
912 1961 1168 2003 multiplicitatis,

413 2009 521 2040 Divini
547 2008 669 2040 fructus
694 2008 726 2039 in
752 2012 784 2038 te
809 2008 867 2038 tibi
893 2017 975 2039 nunc
1000 2010 1190 2042 animantur.

416 2057 512 2096 Virgo
536 2057 650 2097 Maria,
679 2056 760 2087 nites
787 2060 934 2086 cunctum
961 2056 1130 2088 benedicta
1155 2067 1214 2096 per
1239 2068 1361 2098 aevum,

416 2105 548 2135 Viscera
574 2112 686 2143 nempe
711 2103 757 2134 tui
782 2107 965 2134 meruerunt
990 2104 1097 2135 lucida
1123 2104 1282 2138 Christum

416 2152 524 2190 Ferre,
554 2152 670 2183 decora
695 2160 791 2190 super
814 2154 905 2182 natas
932 2150 1058 2182 felicius
1083 2161 1192 2185 omnes

420 2200 530 2239 Israel,
556 2199 724 2239 unguentis
750 2203 781 2229 et
805 2202 946 2231 aromate
972 2199 1065 2238 plena
1092 2209 1239 2239 superno.

724 2272 742 2292 *
962 2271 980 2291 *

842 2298 860 2317 ss

414 2353 495 2384 Tota
521 2352 589 2384 dies
613 2352 717 2383 laudis
743 2351 901 2383 cumulum
928 2351 1054 2383 dicatur
1077 2351 1111 2383 in
1136 2353 1233 2384 altum

464 2400 552 2432 Haec
577 2403 609 2431 et.
634 2409 704 2431 cum
728 2399 828 2431 iubilo
854 2403 1003 2438 personet
1027 2409 1047 2430 a
1071 2400 1199 2440 populo*
