1651 2680
705 91 964 126 —108—

879 188 934 221 18.
963 187 1012 221 Sit
1035 187 1185 220 crucifixo
1211 187 1322 228 gloria,

960 236 1059 275 Quem
1085 236 1277 268 benedicant
1302 233 1418 272 omnia,

960 283 1027 315 Sibi
1055 284 1164 321 virtus,
1191 283 1336 322 imperia,

961 330 1055 363 Clara
1080 332 1208 363 laudum
1235 330 1413 370 praeconia.

191 188 246 220 17.
272 188 309 219 In
335 188 413 218 hora
439 187 539 218 nostri
564 187 682 225 obitus,

273 236 309 266 In
332 243 393 274 qua
420 234 519 265 exibit
545 235 688 274 spir-itm,

275 283 440 315 Adversus
468 282 567 313 hostis
593 283 730 321 impetus

273 331 376 362 Tuere
402 339 459 360 nos
486 330 649 361 divinitus,

254 435 334 461 Orat.
363 443 414 460 nus.
444 433 601 460 Caelestin.
634 435 662 459 S.
691 433 801 460 Mariae
826 434 860 461 de
888 434 1021 461 Parisius
1049 443 1122 461 saec.
1155 434 1197 462 15.
1248 434 1317 460 Cod.
1345 434 1490 460 Mazarin.

177 470 346 507 3897t605).
369 486 403 489 —
426 472 501 498 Eine
524 472 645 498 kiirzere
667 471 752 498 Form
772 471 823 499 des
844 472 951 500 Liedes
973 472 1086 504 xxm.
1107 472 1152 500 29.

641 631 685 660 66.
727 630 769 661 De
790 630 905 662 sancta
926 630 1030 662 Cruce.

215 732 244 764 1.
272 731 451 763 Maximum
480 730 630 761 solacium
905 733 937 763 5.
963 731 1021 762 Est
1047 731 1080 762 in
1106 740 1200 762 cruce
1226 731 1354 762 Domini

217 1171 248 1200 FO

323 778 420 810 animi
446 778 633 818 languentis,

273 825 485 865 suspiranti&
512 826 609 863 avidi,

323 873 483 905 Christum
510 874 650 904 sitientis

274 922 350 952 Sitis
377 920 409 951 in
435 921 603 959 gemitibus

324 968 431 999 multis
458 972 485 998 et
514 968 672 1002 lamentis,

272 1016 335 1047 Est
362 1016 391 1046 in
421 1024 513 1046 cruce
541 1016 668 1047 Domini

323 1063 471 1094 mundum
499 1063 698 1097 redimentis.

277 1168 361 1199 Crux
389 1173 447 1205 est,
474 1168 505 1198 in
532 1177 591 1207 qua
618 1176 736 1208 pascua

321 1219 391 1246 sunt
423 1215 619 1254 deliciarum,

275 1263 382 1294 Virtus
409 1267 439 1293 et
465 1264 650 1298 amoenitas,

321 1311 408 1341 cibus
435 1311 621 1349 animarum,

273 1357 558 1388 Innumerabilium

321 1406 403 1436 dona
428 1405 613 1444 gratiarum,

273 1454 360 1492 Quae
386 1461 444 1491 per
470 1458 583 1483 cuncta
611 1452 754 1483 redolent

322 1501 449 1532 climata
474 1505 641 1532 terrarum.

270 1605 433 1644 Splendor
460 1604 655 1641 indeficiens,

318 1652 446 1683 claritas
475 1652 592 1693 divina,

270 1701 391 1740 Regula
416 1700 568 1736 iustitiae,

319 1749 402 1779 vitae
430 1747 600 1786 disciplina

269 1796 309 1827 Et
338 1799 516 1827 nostrorum
544 1796 709 1826 vulnerum

318 1844 420 1875 dulcis
445 1843 614 1883 medicina,

270 1892 331 1923 Per
357 1900 450 1929 quam
476 1899 584 1921 ornnes
611 1890 705 1922 liberi

317 1940 413 1970 simus
439 1948 457 1969 a
483 1939 584 1970 ruina.

269 2046 355 2075 Crux
383 2048 429 2073 est
455 2043 628 2082 odorifera,

314 2092 409 2130 plena
434 2092 633 2130 gaudiorum,

267 2138 359 2170 Scala
386 2137 630 2180 perfectissima,

316 2191 427 2226 portus
453 2187 637 2224 electorum,

267 2234 331 2265 Hic
355 2233 425 2266 fons
452 2240 499 2265 est
526 2235 708 2266 caelestium

314 2282 556 2322 desideriorum,

264 2330 387 2362 Fervor
413 2334 443 2361 et
469 2331 651 2362 incendium

314 2377 457 2410 cordium
483 2379 648 2412 iustorum.

1009 778 1110 818 gloria
1137 779 1271 814 decoris.

966 825 1065 865 Copia
1092 825 1280 865 dulcedinis,

1011 873 1135 904 initium
1161 873 1296 912 saporis,

965 921 1116 951 Poculum
1143 921 1316 958 inebrians,

1012 969 1157 1000 stimulus
1183 969 1300 1000 amoris

963 1015 1005 1046 Et
1032 1017 1194 1047 evacuatio

1011 1064 1157 1102 planctus
1184 1067 1213 1094 et
1241 1065 1402 1099 maeroris.

926 1193 932 1199 .
961 1168 1115 1199 Mentium
1142 1168 1331 1209 iucunditas,

1008 1217 1132 1255 requies
1158 1224 1279 1248 secura.

962 1264 1027 1295 Pax
1056 1263 1312 1301 interminabilis,

1007 1312 1212 1350 pulchritudo
1238 1320 1329 1350 pura,

961 1359 1022 1390 Per
1047 1367 1172 1389 crucem
1196 1360 1370 1397 acquiritur

1009 1406 1107 1445 gloria
1134 1415 1256 1438 secura.

962 1454 1071 1485 Crucis
1097 1453 1291 1485 amatoribus

1007 1511 1165 1540 nunquam
1191 1502 1345 1542 peritura.

923 1632 929 1639 .
958 1606 994 1637 In
1021 1615 1114 1637 cruce
1142 1606 1263 1637 cibaria

1006 1658 1078 1684 sunt
1103 1659 1349 1695 mansuetorum,

957 1701 1039 1732 Tota
1065 1711 1138 1741 spes
1164 1701 1315 1743 fidelium,

1006 1750 1092 1780 clara
1118 1750 1172 1781 lux
1199 1758 1363 1781 caecorum

956 1797 997 1829 Et
1025 1797 1210 1829 claudorum
1236 1798 1378 1830 baculus.

1005 1854 1116 1877 census
1143 1855 1324 1888 egenorum,

956 1893 1107 1924 Firmitas
1135 1894 1299 1931 debilium,

1004 1941 1089 1972 salus
1114 1942 1319 1974 intirmorum.

920 2073 926 2079 .
955 2046 1040 2078 Crux
1067 2051 1115 2078 est
1140 2057 1240 2087 pavor
1266 2048 1458 2081 daemonum

1001 2099 1031 2124 et
1059 2104 1180 2126 morsus
1207 2094 1336 2135 inferni,

956 2141 1015 2172 Per
1040 2152 1134 2182 quam
1159 2142 1252 2174 fiuxit
1276 2145 1386 2176 radius

1002 2190 1130 2221 luminis
1155 2191 1288 2234 aeterni,

954 2238 1050 2277 Regis
1075 2238 1277 2270 invictissimi

1001 2286 1103 2325 gratia
1129 2287 1270 2326 superni,

954 2333 1085 2366 Utinam
1111 2334 1170 2366 hoc
1197 2335 1327 2367 videant

1004 2381 1146 2414 homines
1171 2383 1326 2417 moderni.
