1651 2680
205 159 266 191 23.

211 487 266 519 24.

217 818 272 848 25.

218 1142 274 1173 26.

217 1464 273 1496 27.

217 1788 274 1821 28.

725 59 984 96 —128—

295 157 327 190 Si
354 157 492 187 dictaret
518 155 716 194 meditando,

292 205 324 237 Si
351 207 495 236 cantaret
521 203 686 235 iubilando

341 252 395 282 Tis
422 251 544 291 laude5‚
571 260 589 282 o
616 251 769 290 piissima.

292 300 392 332 Simul
418 298 520 330 omnis
546 304 704 334 creatura,

294 347 409 379 Adhuc
436 351 555 377 restant
583 347 641 377 tibi
668 347 772 386 plura,

340 395 422 425 Nam
442 395 563 425 cunctis
578 403 610 425 es
626 395 823 433 dignissima.

294 486 364 518 Non
385 494 433 516 me
451 490 555 516 tamen
575 494 708 523 spernas
725 494 824 525 reum,

296 533 374 565 Nam
402 538 433 563 te
459 533 553 564 talem
581 532 656 563 fecit
681 542 783 565 meum

341 582 520 617 Peccatum,
549 588 649 620 neque
673 579 762 612 fieret

293 629 366 661 Tibi
393 638 505 660 nomen
531 629 722 669 miseratrix,

295 676 363 708 Nisi
391 677 483 716 culpa
511 677 568 707 mis
595 676 776 707 damnatrix

343 725 473 756 Veniam
501 725 653 763 exigeret.

301 817 405 854 Atque
432 823 536 854 regem
564 815 756 854 angelorum,

301 864 496 894 Salvatorem
524 863 721 894 saeculorum

345 911 399 941 Tis
427 910 547 942 ventris
574 910 768 942 domicilium

296 959 464 998 Nunquam
493 958 586 997 digne
613 958 818 997 hospitasset‚

297 1007 337 1037 Ni
365 1007 423 1036 mis
450 1006 552 1037 scelus
580 1006 747 1036 invitasset

343 1055 435 1086 Hunc
462 1054 564 1085 Deum
590 1053 622 1084 in
649 1053 806 1086 exsilium.

302 1140 353 1172 Sic
380 1141 492 1179 (litata,
519 1148 590 1170 nam
619 1138 761 1179 egebam,

299 1188 351 1219 Sic
370 1188 525 1226 plantata,
550 1196 620 1218 nam
640 1186 832 1223 marcebam,

346 1236 390 1266 Es
416 1235 586 1273 paradisus
613 1234 755 1274 gratiae·7

302 1286 366 1315 Cur
391 1283 513 1313 diescat
540 1282 678 1321 gratiose

298 1332 406 1363 Favor
432 1330 542 1361 favens
570 1329 715 1360 favorose

345 1378 394 1408 De
420 1382 473 1408 tua
496 1377 572 1408 mihi
600 1375 692 1407 facie.

300 1464 404 1502 Larga
432 1463 522 1494 donis
549 1468 577 1493 et
605 1462 742 1502 abunda,

302 1511 362 1551 Da,
390 1511 473 1550 quod
498 1509 574 1541 fletu
600 1509 798 1549 gemebunda

347 1559 411 1590 Mis
438 1558 532 1589 anxia
559 1558 671 1597 petitio

299 1607 362 1639 Per
383 1610 413 1637 te
439 1605 495 1637 fiat
521 1605 681 1637 exaudita.

301 1655 335 1686 Si
360 1654 420 1685 hoc
446 1652 560 1693 potes?
584 1654 679 1684 immo
705 1652 762 1694 ita,

348 1702 391 1734 Ut
418 1701 553 1733 munder
579 1701 663 1732 omni
691 1700 777 1732 vitio.

300 1788 347 1820 Ob
371 1796 508 1819 amorem
535 1787 581 1818 tui
607 1787 674 1817 nati

301 1835 368 1868 Fac
393 1844 443 1866 me
470 1839 593 1875 gratum
621 1834 759 1875 caritati,

351 1884 417 1920 Qua
444 1883 527 1914 idem
554 1882 770 1914 amantissime

302 1932 357 1963 Me
383 1931 547 1970 indignum
574 1931 620 1961 sic
647 1930 770 1966 dilexit,

304 1980 394 2018 Quod
419 1979 459 2010 ad
482 1982 615 2010 mortem
633 1987 667 2009 se
687 1977 833 2018 despexit

353 2027 430 2058 Tam
439 2035 559 2058 summe
569 2026 850 2065 contemptissime.

897 157 952 190 29.

897 486 951 519 30.

903 816 957 847 31.

906 1139 960 1171 32.

906 1463 962 1494 33.

907 1788 963 1820 34.

979 157 1006 191 0
1032 157 1177 199 pudoris,
1205 156 1276 194 heu,
1304 152 1463 197 gravedo!
1519 163 1525 170 ·

979 204 1059 238 Cum
1084 205 1146 236 sim
1171 204 1288 236 vermis
1314 205 1346 234 et
1364 199 1512 241 putredo,

1028 253 1213 293 Condignus
1239 251 1318 284 nulli
1343 248 1474 286 homini,

979 301 1077 334 Unde
1101 301 1199 332 miser
1224 297 1400 338 superbivi,

978 349 1068 386 Quod
1095 347 1254 379 mandatis
1280 343 1435 377 contraivi

1025 395 1106 427 Tam
1131 393 1263 435 gratiosi
1288 393 1417 425 Domini
1427 390 1443 420 ’ζ’

981 486 1102 525 Sequar
1127 494 1202 524 ergo
1228 483 1431 524 paenitendo,

979 533 1074 565 Suam
1101 541 1225 564 crucem
1254 530 1430 562 deferendo

1028 582 1062 613 In
1089 580 1206 612 umeris
1232 578 1414 618 memoriae,

979 629 1099 668 Spinis,
1126 628 1225 659 clavis
1252 626 1432 658 stimulatus

981 676 1023 708 Et
1051 676 1184 714 flagellis
1211 675 1361 714 agitatus.

1030 723 1091 764 Da,
1118 731 1288 762 properem
1313 720 1466 753 cursorie.

986 813 1053 845 Nec
1078 823 1128 845 me
1153 813 1239 844 sinas
1264 811 1436 852 retardari,

986 863 1086 894 Immo
1112 861 1201 892 hasta
1228 859 1360 891 militari

1034 910 1096 941 Per
1122 909 1203 939 ictus
1229 906 1424 939 affectabiles

986 957 1173 988 Induratum
1203 965 1257 987 cor
1282 955 1423 996 peccatis

986 1005 1033 1036 'su
1060 1004 1240 1042 transfugas,
1269 1004 1412 1034 caritatis

1035 1052 1123 1083 Dans
1150 1051 1260 1091 plagas
1287 1050 1490 1083 insanabiles.

989 1137 1036 1170 Ob
1063 1147 1141 1177 quas
1167 1138 1285 1168 mundo
1311 1137 1483 1168 moriturus

990 1185 1100 1216 Vivam
1128 1190 1218 1224 grate
1244 1184 1399 1216 fruiturus

1035 1233 1091 1264 Tis
1116 1233 1286 1264 benedicto
1311 1232 1378 1263 filio

987 1283 1093 1320 Atque
1119 1280 1187 1321 tibi,
1216 1279 1328 1312 florum
1354 1278 1436 1318 flori,

988 1330 1074 1368 Quae
1101 1336 1134 1358 es
1160 1328 1228 1359 sola
1253 1328 1312 1359 mis
1339 1326 1442 1359 favon'

1035 1376 1189 1407 Tutamen
1214 1376 1247 1407 in
1273 1375 1397 1409 exsilio.

990 1462 1066 1493 Cum
1094 1462 1209 1493 citatus
1235 1461 1426 1501 comparebo

990 1509 1295 1549 Tremebundusque
1320 1509 1447 1543 videbo.

1036 1556 1117 1596 Heu,
1145 1557 1282 1588 iudicem
1300 1557 1520 1598 iustissimum,

989 1605 1068 1636 Tam
1095 1604 1240 1636 districte
1266 1604 1474 1646 iudicantem,

989 1652 1033 1685 Ut
1055 1661 1114 1684 nec
1131 1653 1216 1684 sinat
1234 1653 1284 1684 vel
1297 1653 1522 1693 quadrantem,

1037 1702 1117 1738 Quin
1128 1701 1295 1743 ponderet,
1305 1701 1521 1741 novissimum,

991 1787 1053 1820 Ubi
1081 1796 1143 1819 non
1171 1794 1219 1818 est
1243 1788 1421 1828 appellare,

989 1835 1054 1867 Sed
1080 1838 1207 1875 oportet
1232 1836 1414 1874 adprobare

1038 1883 1235 1915 Sententiam
1262 1883 1411 1921 finaliter,

990 1931 1089 1970 Virgo
1115 1937 1228 1972 mater,
1255 1942 1273 1962 o
1299 1932 1415 1971 Maria,

989 1979 1079 2010 Tunc
1105 1979 1246 2012 adiutrix
1273 1981 1354 2011 assis
1380 1981 1444 2022 pia¹

1042 2027 1089 2058 Ne
1114 2027 1247 2059 damner
1273 2029 1493 2068 aeternaliter,

508 2114 562 2145 35.
591 2111 654 2143 Sed
682 2120 731 2142 me
758 2116 846 2143 vocet
873 2111 1101 2144 laetabundum

592 2159 730 2191 Verbum
754 2159 870 2191 bouum
890 2164 922 2191 et
939 2160 1123 2192 iucundum.

640 2207 810 2245 Repletum
835 2208 921 2240 omni
946 2209 1060 2249 gratia,

592 2255 731 2287 Verbum
760 2255 854 2287 dulce
879 2255 1010 2288 verbum
1037 2257 1124 2297 mite,

590 2304 817 2344 Praeoptatum
842 2303 920 2336 Huc
944 2305 1047 2336 venite

639 2352 691 2384 Ad
717 2351 839 2391 gloriae
864 2352 995 2391 palatia.
