1651 2680
673 104 720 110 ·—
768 84 838 119 342
886 103 932 109 —

151 184 206 217 19.
232 183 363 215 Eisdem
389 181 585 214 intuentibus

283 231 314 261 in
343 230 462 261 caetum
490 229 641 267 elevatus,

236 278 384 308 Polorum
411 277 537 309 scandit
563 276 702 308 culmina

283 324 366 356 nube
392 324 561 365 baiulatus‚

234 373 286 404 Ad
314 372 415 412 patris
442 372 532 403 sedet
559 373 725 404 dexteram

279 424 462 451 cunctorum
490 419 585 451 iudex
613 419 717 460 datus,

228 469 430 499 Iudicaturus
457 467 571 508 veniet,

277 515 329 556 qui
358 515 417 546 fuit
443 515 612 548 iudicatus.

148 651 202 683 20.
229 650 331 689 Igitur
356 658 426 680 cum
453 650 575 680 venerit

277 707 331 729 rex
358 697 555 728 iudicaturus

227 745 269 777 Et
296 745 407 776 talenti
435 745 549 775 crediti

277 793 365 824 lucra
390 792 601 832 quaesiturus,

229 841 351 879 Quanta
381 850 439 878 pro
466 844 496 870 te
524 839 666 879 pertulit,

273 892 420 927 patenter
445 891 642 925 ostensurus,

225 936 335 976 Miser,
363 936 475 974 plenus
504 936 598 976 vitiis,

274 984 348 1023 quid
377 984 439 1014 eris
466 982 701 1023 responsurus?

141 1118 198 1149 21.
227 1116 258 1146 Si
286 1117 386 1147 iustus
413 1117 612 1155 apparueris,

270 1164 391 1194 iustitia
417 1163 566 1201 salvabit,

225 1211 257 1242 Si
284 1211 398 1250 irnpius
425 1211 596 1249 exstiteris,

273 1259 420 1298 impietas
449 1259 622 1296 damnabit,

226 1307 346 1337 Maium
374 1316 453 1345 opus
479 1307 601 1348 puniet,

273 1354 387 1384 bonum
415 1353 640 1391 remunerabit,

224 1401 284 1433 Ubi
313 1406 343 1431 te
370 1401 536 1437 invenerit,

271 1449 315 1480 ibi
342 1452 372 1478 te
398 1449 562 1481 iudicabit.

143 1579 202 1611 22,
229 1577 311 1616 Quid
340 1576 492 1608 dormitas
517 1578 612 1616 igitur
623 1576 638 1607 ’Β

275 1633 408 1663 exsurge
434 1635 452 1656 a
477 1629 587 1662 morte,

227 1676 295 1711 Qua
320 1673 454 1712 patescit
482 1673 588 1704 aditus

272 1720 438 1751 infernalis
466 1726 586 1760 portae,

222 1767 381 1799 Excutere
409 1769 448 1799 de
475 1769 616 1807 pulvere,

270 1817 356 1846 solve
384 1816 488 1855 iugum
517 1815 609 1857 forte,

225 1863 265 1894 Et
291 1864 515 1896 adnumerabit
541 1869 571 1895 te

270 1912 301 1942 in
328 1921 384 1942 sua
412 1912 556 1943 Christus
582 1915 677 1944 sorte.

141 2042 196 2074 23.
224 2041 318 2081 Ecce,
346 2045 409 2072 stat
435 2042 476 2073 ad
503 2042 628 2079 ostium,

271 2099 355 2129 ecce,
382 2090 489 2128 pulsat
515 2088 612 2130 foris3

222 2138 275 2168 Ad
292 2142 343 2173 te.
369 2138 395 2167 si
423 2138 450 2168 ei
477 2137 593 2179 aperis,

270 2185 403 2217 intrabit
429 2195 485 2217 rex
512 2185 648 2223 decoris,

222 2234 274 2265 Ad
293 2234 518 2273 ignoscendum
539 2236 704 2273 promptus
717 2235 765 2264 est

271 2281 393 2313 cunctis
421 2282 594 2312 clementer
619 2280 715 2320 boris,

223 2328 294 2361 Non
321 2329 402 2361 enim
429 2329 495 2361 vult
522 2329 686 2360 interitum

273 2378 331 2410 sed
356 2377 454 2408 vitam
480 2376 669 2416 peccatoris.

835 181 892 214 24.
919 180 1004 212 Hinc
1027 183 1101 212 sunt
1125 179 1326 220 exemplaria

966 229 1060 268 plura
1084 227 1143 260 tibi
1169 228 1255 267 data,

917 276 1043 316 Petrus,
1071 276 1197 318 Paulus,
1226 275 1343 314 Maria,

965 324 1129 364 peccatrix
1152 323 1325 363 appellata,

916 371 1086 403 Mathaeus
1113 374 1145 403 et
1169 372 1317 403 adultera

966 428 1003 450 ac
1028 419 1122 458 latro,
1151 419 1201 450 cui
1226 421 1360 458 peccata

917 467 1038 498 Cuncta
1064 467 1239 506 paenitenti
1264 470 1339 498 sunt

974 515 1006 547 in
1034 523 1127 546 cruce
1153 515 1342 546 condonata.

831 649 886 681 25.
915 648 1005 688 Quod
1033 648 1059 678 si
1085 649 1190 680 adhuc
1216 647 1370 688 trepidas,

963 695 1107 727 modicus
1132 695 1165 727 in
1191 695 1265 735 fide,

913 744 948 774 In
980 743 1101 776 Christi
1127 743 1173 774 tui
1200 741 1314 774 faciem

961 790 1104 822 crucifixi
1132 791 1205 822 vide

912 839 965 877 Et,
992 847 1085 877 quam
1111 837 1213 877 offert,
1241 838 1378 878 gratiam

961 887 1083 918 cunctis
1109 887 1312 925 perpendens
1338 886 1409 917 ride

913 935 962 965 Ac
988 943 1112 965 omnem
1140 933 1357 965 diffidenciam

961 982 1088 1022 penitus
1114 981 1256 1014 abscide.

829 1118 884 1148 26.
913 1115 1018 1158 Caput
1043 1115 1139 1146 habet
1166 1114 1341 1154 pendulum

958 1164 1000 1194 ad
1025 1166 1057 1193 te
1081 1163 1331 1194 deosculandum

911 1211 954 1241 Et
980 1214 1109 1242 extenta
1137 1211 1268 1242 brachia

958 1262 989 1289 te
1014 1259 1055 1289 ad
1082 1258 1342 1298 amplexandum,

908 1305 1024 1337 Manus
1050 1305 1236 1345 perforatae
1263 1310 1337 1337 sunt

957 1363 990 1384 se
1017 1357 1117 1384 totum
1143 1353 1184 1384 ad
1212 1354 1456 1394 praestandum,

906 1400 950 1432 Et
975 1406 1122 1440 apertum
1149 1401 1232 1432 latus
1258 1405 1305 1432 est

958 1453 989 1479 te
1015 1452 1117 1480 totum
1143 1449 1184 1479 ad
1211 1449 1392 1481 amandum.

831 1579 887 1610 27.
916 1577 1019 1608 Pedes
1046 1577 1144 1609 clavis
1170 1577 1226 1609 fixi
1252 1582 1324 1610 sunt

961 1626 1002 1656 ad
1028 1629 1131 1657 tecum
1157 1626 1360 1665 manendum,

913 1673 1026 1704 Totum
1054 1682 1169 1712 corpus
1195 1683 1324 1713 passum
1351 1679 1399 1706 est

959 1722 1000 1753 ad
1027 1724 1058 1752 te
1084 1721 1316 1760 redimendum,

913 1769 1008 1801 Haud
1029 1769 1169 1810 dubium,
1190 1771 1264 1809 quin
1282 1779 1401 1809 pronus
1415 1770 1458 1802 sit

956 1818 998 1849 ad
1024 1821 1056 1848 te
1082 1817 1329 1857 suscipiendum,

910 1865 969 1903 Qui
996 1873 1030 1896 se
1058 1865 1115 1896 tibi
1143 1865 1301 1906 disposuit

956 1914 1053 1944 talem
1080 1912 1306 1946 exhibendum.

827 2043 883 2076 28,
910 2042 1005 2081 Ecce,
1033 2042 1118 2073 vitae
1143 2043 1238 2074 ianua

958 2094 1070 2129 patens
1097 2095 1127 2120 et
1153 2093 1284 2129 aperta!

906 2137 968 2177 En,
995 2137 1144 2169 seductos
1171 2142 1300 2171 revocat

956 2185 1074 2217 veritas
1102 2187 1242 2224 miserta,

906 2233 968 2273 En,
993 2234 1063 2265 iure
1089 2235 1306 2275 conqueritur,

957 2289 1055 2321 quare
1080 2282 1122 2312 sit
1149 2281 1286 2324 deserta,

916 2328 994 2361 Cum
1021 2329 1062 2359 sit
1088 2338 1172 2361 mors
1198 2330 1230 2361 in
1257 2331 1360 2364 ianuis

959 2380 991 2408 et
1015 2376 1093 2408 hora
1119 2378 1160 2408 sit
1185 2378 1319 2413 incerta.
