1651 2680
712 83 972 118 —242—

198 182 229 213 3.
259 178 370 213 Gratia
397 179 504 211 divina
531 179 628 210 dante

304 228 442 260 Tractus
469 227 509 258 ab
536 227 646 267 exitio,

258 275 396 312 Sectam,
422 284 516 314 quam
543 273 689 306 defendit
715 277 798 318 ante,

307 322 403 354 Verbi
428 327 521 354 necat
546 322 668 362 gladio.

258 371 298 402 Et
325 370 483 410 baptisma
508 371 668 402 mediante

305 419 455 457 Percepit
480 418 661 450 Ambrosio.

223 559 228 565 .
258 530 393 566 Ualidus
420 533 650 564 haereticorum

304 581 430 612 Dicitur
455 582 528 612 hinc
554 580 699 620 malleus,

258 630 376 660 Factus
403 633 433 659 et
460 628 690 660 catholicorum

304 676 447 708 Monitor
471 677 615 713 idoneus,

257 725 326 756 Lux
352 724 527 758 doctorum,
556 723 663 754 forma
681 732 813 765 morum,

305 772 542 811 scripturarum
570 777 699 811 puteus

201 891 230 918 τ,
258 884 386 926 Sprevit
414 887 530 917 saeculi
559 886 694 917 honores

306 934 417 964 Vitans
444 943 554 965 causas
581 934 746 971 scelerum,

256 982 397 1021 Sequens
423 982 533 1012 mundi
565 986 811 1023 contemptores,

305 1033 425 1060 Amans
454 1030 548 1061 vitam
577 1037 762 1070 pauperum,

910 179 941 212 7.
968 177 1007 213 In
1033 179 1149 212 divinis
1174 179 1407 219 scripturarum

1016 229 1092 268 Ipse
1116 226 1329 260 voluminibus

969 277 1090 309 Mundo
1115 275 1199 306 luxit
1222 274 1311 306 sidus
1337 272 1458 304 clarum

1017 323 1153 362 Scriptis
1179 326 1210 354 et
1233 320 1443 357 sermonibus,

968 371 1106 404 Umbras
1132 369 1245 409 fugans
1270 367 1476 400 tenebrarum

1016 419 1067 450 Ex
1094 418 1238 449 humanis
1265 415 1426 448 cordibus.

935 558 942 565 .
970 529 1116 566 Nobilem
1143 533 1183 564 de
1211 530 1352 564 clericali

1017 581 1110 613 Statu
1134 580 1263 619 scripsit
1288 577 1442 618 regulam,

971 629 1088 660 Vivens
1113 628 1182 667 ipse
1208 628 1276 668 lege
1303 625 1360 656 tali

1017 676 1069 707 Ad
1095 680 1275 706 sanctorum
1303 672 1484 711 formulam,

972 723 1079 764 Veste,
1107 723 1191 754 victu
1217 721 1359 765 generali

1019 771 1121 804 Utens
1147 771 1275 802 strinxit
1303 769 1477 807 crapulam.

917 885 942 917 ⁴.
968 881 1064 917 Uitae
1092 884 1159 914 dies
1184 883 1217 914 in
1244 886 1404 914 senectam

1016 931 1167 972 Explicat
1193 931 1325 969 utiliter,

968 979 1066 1011 Bonis
1092 978 1217 1009 actibus
1242 977 1419 1018 perfectam

1017 1027 1099 1058 Sinit
1124 1027 1224 1066 ipsam
1252 1026 1398 1064 dulciter,

970 1075 1058 1107 Caeli
1085 1075 1221 1115 patriam
1249 1073 1397 1105 dilectam

1015 1124 1120 1155 Intrat
1144 1121 1379 1153 immortaliter.

256 1077 423 1115 Regulavit
450 1078 533 1108 vitae
560 1086 662 1108 mores

303 1125 355 1156 Ad
383 1126 545 1164 exemplar
573 1130 724 1156 veterum.

221 1243 252 1271 ef..
281 1238 379 1272 Totus
406 1240 533 1278 quidem
559 1239 702 1270 caritatis
885 1238 939 1271 10.
968 1235 1085 1270 Sancte
1111 1241 1204 1276 pater
1229 1236 1418 1276 Augustino,

329 1286 459 1317 Ferbuit
487 1286 653 1327 incendiis,
1015 1285 1102 1316 Tuae
1128 1283 1177 1315 fer
1203 1283 1344 1316 familiae

279 1336 327 1366 Ex
354 1344 510 1373 supeinae
537 1334 692 1364 claritatis
967 1333 1064 1372 Opem
1093 1333 1215 1370 gratiae
1242 1331 1369 1363 divinae

328 1382 510 1413 Illustratus
537 1382 648 1421 radiis,
1016 1380 1056 1411 Et
1083 1380 1333 1419 misericordiae,

281 1430 316 1461 In
342 1429 491 1470 abyssum
518 1430 661 1460 caritatis
969 1428 1011 1460 Ut
1040 1428 1177 1458 ditemur
1202 1428 1271 1458 sine
1296 1425 1358 1458 fine

326 1477 444 1508 Fertur
471 1477 650 1508 desideriis.
1014 1476 1130 1506 Tecum
1157 1475 1248 1506 bonis
1274 1475 1408 1516 patriae.

261 1592 341 1617 (nat.
364 1599 414 1615 ms.
438 1590 599 1625 Campense
620 1591 689 1616 anni
714 1587 794 1615 1462.
835 1590 905 1616 Cod.
922 1589 1137 1615 Darmstadien.
1153 1587 1218 1615 521.
1233 1603 1270 1606 —
1284 1586 1311 1620 2,
1328 1586 1345 1615 3
1360 1597 1448 1616 erras.
1465 1605 1500 1609 —

183 1628 209 1659 3,
232 1627 249 1655 '2
270 1630 391 1655 Tractus
414 1628 494 1655 fehlt.
516 1642 551 1646 —
573 1625 599 1659 3,
621 1627 637 1654 5
659 1628 816 1663 baptismo.
838 1642 874 1646 —
895 1627 1109 1654 Akrostichon:
1140 1628 1386 1663 Augustinus.

646 1826 706 1857 193.
748 1826 789 1856 De
811 1828 920 1856 sancta
941 1825 1030 1856 Avia.

199 1937 229 1967 1.
259 1936 372 1968 Inclita
397 1940 519 1975 martyr
545 1936 638 1971 Avia,

257 1984 307 2015 Du
327 1991 401 2014 cuer
417 1983 633 2015 humblement
651 1988 682 2014 te
696 1983 808 2022 suplie,

255 2032 419 2063 Conducat
446 2041 495 2062 me
521 2036 608 2062 recta
635 2032 687 2062 via

256 2079 304 2110 En
325 2084 410 2109 ceste
425 2078 550 2110 trouble
565 2083 594 2109 et
610 2078 723 2110 mortel
738 2079 807 2119 vie3

257 2128 327 2158 Prie
354 2127 386 2157 la
412 2127 524 2158 doulce
550 2127 639 2166 virge
664 2127 779 2168 Made,

254 2175 319 2214 Que
346 2173 409 2205 fert
435 2176 497 2206 reis
524 2175 676 2212 remedia,

256 2224 341 2262 Quae
360 2231 397 2253 en
416 2223 542 2254 labeuoi
561 2227 592 2253 te
611 2221 808 2263 compaignie

254 2271 363 2302 Puisse
390 2271 479 2302 avoir
505 2270 584 2302 caeli
611 2271 737 2310 gaudia.

881 1937 913 1968 2.
941 1935 1113 1967 Humiliter
1137 1939 1170 1966 te
1196 1945 1357 1976 rogamus,

939 1983 1020 2014 Tres
1031 1983 1143 2014 doulce
1151 1984 1250 2023 virge,
1261 1984 1365 2016 sainte
1372 1986 1497 2025 Avoye‚

941 2030 994 2062 Ad
1020 2031 1166 2072 gloriam,
1194 2041 1287 2071 quam
1314 2036 1472 2074 optamus,

941 2078 1006 2109 Nos
1032 2087 1118 2110 ames
1145 2080 1290 2121 conduys
1313 2084 1345 2110 et
1370 2088 1482 2120 avoye.

938 2126 1059 2166 Mayne
1083 2135 1141 2158 nos
1158 2137 1217 2166 par
1235 2128 1263 2158 si
1280 2127 1385 2160 droite
1405 2137 1497 2167 voye,

940 2174 1007 2212 Que
1033 2175 1154 2206 hostem
1181 2184 1243 2206 non
1268 2177 1447 2216 timeamus,

941 2222 1103 2254 Chautans
1138 2231 1176 2253 en
1203 2223 1400 2264 perdurable
1426 2224 1498 2264 ioye

940 2270 1073 2303 Omnes:
1099 2273 1130 2301 te
1155 2270 1258 2302 Deum
1284 2272 1463 2306 laudamus.

257 2389 336 2412 «mit,
359 2393 410 2411 ms.
432 2386 542 2412 Montis
565 2386 594 2411 S.
615 2384 769 2412 Michaelis
793 2393 868 2412 saec.
892 2383 935 2412 15.
978 2385 1047 2413 cod.
1069 2386 1224 2414 Abrinceu.
1248 2386 1294 2415 45.
