<?xml version="1.0" encoding="UTF-8"?>
<!DOCTYPE html PUBLIC "-//W3C//DTD XHTML 1.0 Transitional//EN"
    "http://www.w3.org/TR/xhtml1/DTD/xhtml1-transitional.dtd">
<html xmlns="http://www.w3.org/1999/xhtml" xml:lang="en" lang="en">
 <head>
  <title>
</title>
<meta http-equiv="Content-Type" content="text/html;charset=utf-8" />
  <meta name='ocr-system' content='tesseract 3.04.00' />
  <meta name='ocr-capabilities' content='ocr_page ocr_carea ocr_par ocr_line ocrx_word'/>
</head>
<body>
  <div class='ocr_page' id='page_1' title='image "./analectahymnica46drevuoft/analectahymnica46drevuoft_0029.png"; bbox 0 0 1651 2680; ppageno 0'>
   <div class='ocr_carea' id='block_1_1' title="bbox 724 77 960 112">
    <p class='ocr_par' dir='ltr' id='par_1_1' title="bbox 724 77 960 112">
     <span class='ocr_line' id='line_1_1' title="bbox 724 77 960 112; baseline 0.004 -11"><span class='ocrx_word' id='word_1_1' title='bbox 724 77 960 112; x_wconf 51' lang='lat'>„25-</span> 
     </span>
    </p>
   </div>
   <div class='ocr_carea' id='block_1_2' title="bbox 443 177 1247 219">
    <p class='ocr_par' dir='ltr' id='par_1_2' title="bbox 443 177 1247 219">
     <span class='ocr_line' id='line_1_2' title="bbox 443 177 1247 219; baseline -0.004 -9"><span class='ocrx_word' id='word_1_2' title='bbox 443 182 482 211; x_wconf 82' lang='lat'>16.</span> <span class='ocrx_word' id='word_1_3' title='bbox 523 178 631 211; x_wconf 83' lang='lat' dir='ltr'>Oratio</span> <span class='ocrx_word' id='word_1_4' title='bbox 652 179 691 210; x_wconf 83' lang='lat' dir='ltr'>ad</span> <span class='ocrx_word' id='word_1_5' title='bbox 711 179 853 210; x_wconf 78' lang='lat' dir='ltr'>sanctum</span> <span class='ocrx_word' id='word_1_6' title='bbox 873 178 1023 219; x_wconf 84' lang='lat' dir='ltr'>Spiritum</span> <span class='ocrx_word' id='word_1_7' title='bbox 1045 177 1247 209; x_wconf 81' lang='lat' dir='ltr'>Paraclitum.</span> 
     </span>
    </p>
   </div>
   <div class='ocr_carea' id='block_1_3' title="bbox 205 265 1490 1194">
    <p class='ocr_par' dir='ltr' id='par_1_3' title="bbox 205 265 1456 547">
     <span class='ocr_line' id='line_1_3' title="bbox 205 265 1456 309; baseline -0.006 -5"><span class='ocrx_word' id='word_1_8' title='bbox 205 272 236 304; x_wconf 92' lang='lat'>1.</span> <span class='ocrx_word' id='word_1_9' title='bbox 263 270 451 302; x_wconf 84' lang='lat' dir='ltr'>Consolator</span> <span class='ocrx_word' id='word_1_10' title='bbox 477 270 672 309; x_wconf 83' lang='lat' dir='ltr'>miserorum,</span> <span class='ocrx_word' id='word_1_11' title='bbox 889 271 922 301; x_wconf 91' lang='lat'>4.</span> <span class='ocrx_word' id='word_1_12' title='bbox 949 269 1098 308; x_wconf 83' lang='lat' dir='ltr'>Quamvis</span> <span class='ocrx_word' id='word_1_13' title='bbox 1125 266 1287 299; x_wconf 83' lang='lat' dir='ltr'>subditum</span> <span class='ocrx_word' id='word_1_14' title='bbox 1314 265 1456 305; x_wconf 83' lang='lat' dir='ltr'>peccatis</span> 
     </span>
     <span class='ocr_line' id='line_1_4' title="bbox 310 312 1393 356; baseline -0.006 -7"><span class='ocrx_word' id='word_1_15' title='bbox 310 317 450 349; x_wconf 80' lang='lat' dir='ltr'>solamen</span> <span class='ocrx_word' id='word_1_16' title='bbox 475 316 691 352; x_wconf 84' lang='lat' dir='ltr'>maerentium,</span> <span class='ocrx_word' id='word_1_17' title='bbox 997 325 1110 356; x_wconf 87' lang='lat' dir='ltr'>corpus</span> <span class='ocrx_word' id='word_1_18' title='bbox 1136 319 1244 347; x_wconf 86' lang='lat' dir='ltr'>suetus</span> <span class='ocrx_word' id='word_1_19' title='bbox 1272 312 1393 352; x_wconf 85' lang='lat' dir='ltr'>fugere,</span> 
     </span>
     <span class='ocr_line' id='line_1_5' title="bbox 263 361 1401 404; baseline -0.005 -7"><span class='ocrx_word' id='word_1_20' title='bbox 263 366 333 397; x_wconf 87' lang='lat' dir='ltr'>Lux</span> <span class='ocrx_word' id='word_1_21' title='bbox 358 365 495 404; x_wconf 86' lang='lat' dir='ltr'>piorum,</span> <span class='ocrx_word' id='word_1_22' title='bbox 522 373 594 404; x_wconf 89' lang='lat' dir='ltr'>spes</span> <span class='ocrx_word' id='word_1_23' title='bbox 621 373 745 394; x_wconf 87' lang='lat' dir='ltr'>reorum</span> <span class='ocrx_word' id='word_1_24' title='bbox 950 365 1028 396; x_wconf 91' lang='lat' dir='ltr'>Veni</span> <span class='ocrx_word' id='word_1_25' title='bbox 1054 369 1160 395; x_wconf 89' lang='lat' dir='ltr'>tamen</span> <span class='ocrx_word' id='word_1_26' title='bbox 1186 365 1218 394; x_wconf 85' lang='lat' dir='ltr'>et</span> <span class='ocrx_word' id='word_1_27' title='bbox 1243 361 1401 393; x_wconf 82' lang='lat' dir='ltr'>obscoena</span> 
     </span>
     <span class='ocr_line' id='line_1_6' title="bbox 309 410 1385 452; baseline -0.005 -8"><span class='ocrx_word' id='word_1_28' title='bbox 309 413 478 451; x_wconf 86' lang='lat' dir='ltr'>unctioquc</span> <span class='ocrx_word' id='word_1_29' title='bbox 504 412 664 452; x_wconf 82' lang='lat' dir='ltr'>mentium,</span> <span class='ocrx_word' id='word_1_30' title='bbox 994 416 1196 451; x_wconf 76' lang='lat' dir='ltr'>peccatorum</span> <span class='ocrx_word' id='word_1_31' title='bbox 1225 410 1385 448; x_wconf 86' lang='lat' dir='ltr'>decoque;</span> 
     </span>
     <span class='ocr_line' id='line_1_7' title="bbox 264 457 1356 498; baseline -0.004 -6"><span class='ocrx_word' id='word_1_32' title='bbox 264 461 426 493; x_wconf 84' lang='lat' dir='ltr'>Creatoris</span> <span class='ocrx_word' id='word_1_33' title='bbox 453 461 674 498; x_wconf 85' lang='lat' dir='ltr'><strong>hominumque</strong></span> <span class='ocrx_word' id='word_1_34' title='bbox 948 459 1039 497; x_wconf 81' lang='lat' dir='ltr'>Veni,</span> <span class='ocrx_word' id='word_1_35' title='bbox 1067 459 1158 498; x_wconf 88' lang='lat' dir='ltr'>bone,</span> <span class='ocrx_word' id='word_1_36' title='bbox 1185 457 1267 494; x_wconf 79' lang='lat' dir='ltr'>veni,</span> <span class='ocrx_word' id='word_1_37' title='bbox 1295 458 1356 497; x_wconf 84' lang='lat' dir='ltr'>pie,</span> 
     </span>
     <span class='ocr_line' id='line_1_8' title="bbox 310 505 1336 547; baseline -0.004 -8"><span class='ocrx_word' id='word_1_38' title='bbox 310 517 399 540; x_wconf 84' lang='lat' dir='ltr'>amor</span> <span class='ocrx_word' id='word_1_39' title='bbox 425 512 518 546; x_wconf 83' lang='lat' dir='ltr'>atque</span> <span class='ocrx_word' id='word_1_40' title='bbox 546 507 714 547; x_wconf 73' lang='lat' dir='ltr'>vinculum,</span> <span class='ocrx_word' id='word_1_41' title='bbox 997 507 1077 544; x_wconf 91' lang='lat' dir='ltr'>veni,</span> <span class='ocrx_word' id='word_1_42' title='bbox 1104 505 1336 546; x_wconf 86' lang='lat' dir='ltr'>potentissime.</span> 
     </span>
    </p>

    <p class='ocr_par' dir='ltr' id='par_1_4' title="bbox 206 591 1465 823">
     <span class='ocr_line' id='line_1_9' title="bbox 206 591 1465 633; baseline -0.002 -7"><span class='ocrx_word' id='word_1_43' title='bbox 206 596 238 626; x_wconf 83' lang='lat'>2.</span> <span class='ocrx_word' id='word_1_44' title='bbox 265 593 345 626; x_wconf 89' lang='lat' dir='ltr'>Boni</span> <span class='ocrx_word' id='word_1_45' title='bbox 373 592 453 631; x_wconf 81' lang='lat' dir='ltr'>fons,</span> <span class='ocrx_word' id='word_1_46' title='bbox 480 592 644 624; x_wconf 78' lang='lat' dir='ltr'>doctrinae</span> <span class='ocrx_word' id='word_1_47' title='bbox 672 591 782 631; x_wconf 73' lang='lat' dir='ltr'>fomeS,</span> <span class='ocrx_word' id='word_1_48' title='bbox 892 595 922 625; x_wconf 86' lang='lat'>5.</span> <span class='ocrx_word' id='word_1_49' title='bbox 950 593 998 624; x_wconf 91' lang='lat' dir='ltr'>Tu</span> <span class='ocrx_word' id='word_1_50' title='bbox 1023 602 1170 633; x_wconf 87' lang='lat' dir='ltr'>purgare,</span> <span class='ocrx_word' id='word_1_51' title='bbox 1198 599 1341 631; x_wconf 87' lang='lat' dir='ltr'>quaeque</span> <span class='ocrx_word' id='word_1_52' title='bbox 1368 591 1465 624; x_wconf 80' lang='lat' dir='ltr'>voles.</span> 
     </span>
     <span class='ocr_line' id='line_1_10' title="bbox 313 639 1376 681; baseline -0.001 -11"><span class='ocrx_word' id='word_1_53' title='bbox 313 641 457 672; x_wconf 78' lang='lat' dir='ltr'>veritatis</span> <span class='ocrx_word' id='word_1_54' title='bbox 484 641 626 681; x_wconf 78' lang='lat' dir='ltr'>spiritus,</span> <span class='ocrx_word' id='word_1_55' title='bbox 997 641 1170 679; x_wconf 85' lang='lat' dir='ltr'>aspirando</span> <span class='ocrx_word' id='word_1_56' title='bbox 1197 639 1376 680; x_wconf 82' lang='lat' dir='ltr'>praevales,</span> 
     </span>
     <span class='ocr_line' id='line_1_11' title="bbox 265 687 1430 728; baseline -0.002 -8"><span class='ocrx_word' id='word_1_57' title='bbox 265 689 407 720; x_wconf 83' lang='lat' dir='ltr'>Hostiles</span> <span class='ocrx_word' id='word_1_58' title='bbox 435 688 582 728; x_wconf 83' lang='lat' dir='ltr'>frangens</span> <span class='ocrx_word' id='word_1_59' title='bbox 610 693 751 728; x_wconf 83' lang='lat' dir='ltr'>conatus,</span> <span class='ocrx_word' id='word_1_60' title='bbox 951 688 999 718; x_wconf 87' lang='lat' dir='ltr'>Tu</span> <span class='ocrx_word' id='word_1_61' title='bbox 1026 687 1119 719; x_wconf 86' lang='lat' dir='ltr'>bruta</span> <span class='ocrx_word' id='word_1_62' title='bbox 1146 689 1305 726; x_wconf 87' lang='lat' dir='ltr'>stultaque</span> <span class='ocrx_word' id='word_1_63' title='bbox 1333 687 1430 718; x_wconf 88' lang='lat' dir='ltr'>corda</span> 
     </span>
     <span class='ocr_line' id='line_1_12' title="bbox 315 735 1340 773; baseline -0.001 -7"><span class='ocrx_word' id='word_1_64' title='bbox 315 736 447 767; x_wconf 78' lang='lat' dir='ltr'>dextrae</span> <span class='ocrx_word' id='word_1_65' title='bbox 472 736 531 767; x_wconf 78' lang='lat' dir='ltr'>Dei</span> <span class='ocrx_word' id='word_1_66' title='bbox 559 735 676 773; x_wconf 76' lang='lat' dir='ltr'>digitus</span> <span class='ocrx_word' id='word_1_67' title='bbox 999 735 1046 765; x_wconf 86' lang='lat' dir='ltr'>sic</span> <span class='ocrx_word' id='word_1_68' title='bbox 1072 740 1194 766; x_wconf 85' lang='lat' dir='ltr'>mutare</span> <span class='ocrx_word' id='word_1_69' title='bbox 1220 735 1340 765; x_wconf 83' lang='lat' dir='ltr'>assoles</span> 
     </span>
     <span class='ocr_line' id='line_1_13' title="bbox 262 782 1328 823; baseline -0.004 -7"><span class='ocrx_word' id='word_1_70' title='bbox 262 785 307 816; x_wconf 80' lang='lat' dir='ltr'>Et</span> <span class='ocrx_word' id='word_1_71' title='bbox 334 784 444 814; x_wconf 87' lang='lat' dir='ltr'>dolore</span> <span class='ocrx_word' id='word_1_72' title='bbox 471 782 631 823; x_wconf 68' lang='lat' dir='ltr'>desperati</span> <span class='ocrx_word' id='word_1_73' title='bbox 951 783 995 814; x_wconf 87' lang='lat' dir='ltr'>Ut</span> <span class='ocrx_word' id='word_1_74' title='bbox 1021 782 1166 814; x_wconf 90' lang='lat' dir='ltr'>indoctos</span> <span class='ocrx_word' id='word_1_75' title='bbox 1193 782 1328 814; x_wconf 87' lang='lat' dir='ltr'>eruditis</span> 
     </span>
    </p>

    <p class='ocr_par' dir='ltr' id='par_1_5' title="bbox 311 830 1367 870">
     <span class='ocr_line' id='line_1_14' title="bbox 311 830 1367 870; baseline -0.001 -7"><span class='ocrx_word' id='word_1_76' title='bbox 311 831 408 864; x_wconf 84' lang='lat' dir='ltr'>animi</span> <span class='ocrx_word' id='word_1_77' title='bbox 435 831 620 870; x_wconf 53' lang='lat' dir='ltr'>paraclitus</span> <span class='ocrx_word' id='word_1_78' title='bbox 998 830 1143 868; x_wconf 89' lang='lat' dir='ltr'>protinus</span> <span class='ocrx_word' id='word_1_79' title='bbox 1168 830 1367 869; x_wconf 79' lang='lat' dir='ltr'>aequipares.</span> 
     </span>
    </p>

    <p class='ocr_par' dir='ltr' id='par_1_6' title="bbox 205 915 1490 1052">
     <span class='ocr_line' id='line_1_15' title="bbox 205 915 1490 956; baseline -0.003 -7"><span class='ocrx_word' id='word_1_80' title='bbox 205 919 237 949; x_wconf 92' lang='grc'>3.</span> <span class='ocrx_word' id='word_1_81' title='bbox 265 917 314 948; x_wconf 88' lang='lat' dir='ltr'>Tu</span> <span class='ocrx_word' id='word_1_82' title='bbox 339 917 439 956; x_wconf 74' lang='lat' dir='ltr'>patris</span> <span class='ocrx_word' id='word_1_83' title='bbox 467 916 654 955; x_wconf 81' lang='lat' dir='ltr'>promissum</span> <span class='ocrx_word' id='word_1_84' title='bbox 681 920 774 955; x_wconf 82' lang='lat' dir='ltr'>atque</span> <span class='ocrx_word' id='word_1_85' title='bbox 894 918 924 947; x_wconf 83' lang='grc'>6.</span> <span class='ocrx_word' id='word_1_86' title='bbox 948 915 1035 953; x_wconf 85' lang='lat' dir='ltr'>Ergo</span> <span class='ocrx_word' id='word_1_87' title='bbox 1062 924 1161 946; x_wconf 83' lang='lat' dir='ltr'>meam</span> <span class='ocrx_word' id='word_1_88' title='bbox 1189 924 1316 947; x_wconf 81' lang='lat' dir='ltr'>caecam</span> <span class='ocrx_word' id='word_1_89' title='bbox 1342 920 1490 953; x_wconf 75' lang='lat' dir='ltr'>mentem,</span> 
     </span>
     <span class='ocr_line' id='line_1_16' title="bbox 274 961 1354 1006; baseline -0.001 -11"><span class='ocrx_word' id='word_1_90' title='bbox 274 1002 277 1006; x_wconf 88' lang='lat'>.</span> <span class='ocrx_word' id='word_1_91' title='bbox 311 963 508 1002; x_wconf 82' lang='lat' dir='ltr'>septiformis</span> <span class='ocrx_word' id='word_1_92' title='bbox 533 963 646 1004; x_wconf 83' lang='lat' dir='ltr'>gratia.</span> <span class='ocrx_word' id='word_1_93' title='bbox 1001 961 1113 993; x_wconf 87' lang='lat' dir='ltr'>doctor</span> <span class='ocrx_word' id='word_1_94' title='bbox 1137 963 1230 999; x_wconf 79' lang='lat' dir='ltr'>alme,</span> <span class='ocrx_word' id='word_1_95' title='bbox 1260 963 1354 994; x_wconf 80' lang='lat' dir='ltr'>visita</span> 
     </span>
     <span class='ocr_line' id='line_1_17' title="bbox 264 1009 1389 1052; baseline -0.001 -10"><span class='ocrx_word' id='word_1_96' title='bbox 264 1011 380 1052; x_wconf 83' lang='lat' dir='ltr'>Verbo,</span> <span class='ocrx_word' id='word_1_97' title='bbox 409 1012 524 1050; x_wconf 86' lang='lat' dir='ltr'>linguis</span> <span class='ocrx_word' id='word_1_98' title='bbox 551 1016 581 1041; x_wconf 83' lang='lat' dir='ltr'>et</span> <span class='ocrx_word' id='word_1_99' title='bbox 607 1020 752 1041; x_wconf 80' lang='lat' dir='ltr'>sermone</span> <span class='ocrx_word' id='word_1_100' title='bbox 954 1009 1182 1049; x_wconf 69' lang='lat' dir='ltr'>Putridunique</span> <span class='ocrx_word' id='word_1_101' title='bbox 1207 1009 1240 1041; x_wconf 89' lang='lat' dir='ltr'>in</span> <span class='ocrx_word' id='word_1_102' title='bbox 1266 1011 1389 1049; x_wconf 83' lang='lat' dir='ltr'>peceati</span> 
     </span>
    </p>

    <p class='ocr_par' dir='ltr' id='par_1_7' title="bbox 262 1056 1426 1194">
     <span class='ocr_line' id='line_1_18' title="bbox 313 1056 1355 1099; baseline -0.001 -10"><span class='ocrx_word' id='word_1_103' title='bbox 313 1068 393 1099; x_wconf 81' lang='lat' dir='ltr'>puro</span> <span class='ocrx_word' id='word_1_104' title='bbox 419 1059 523 1090; x_wconf 82' lang='lat' dir='ltr'>ditans</span> <span class='ocrx_word' id='word_1_105' title='bbox 549 1062 676 1097; x_wconf 86' lang='lat' dir='ltr'>guttura</span> <span class='ocrx_word' id='word_1_106' title='bbox 1001 1056 1067 1087; x_wconf 92' lang='lat' dir='ltr'>luto</span> <span class='ocrx_word' id='word_1_107' title='bbox 1095 1067 1210 1097; x_wconf 80' lang='lat' dir='ltr'>corpus</span> <span class='ocrx_word' id='word_1_108' title='bbox 1235 1057 1355 1088; x_wconf 81' lang='lat' dir='ltr'>suscita</span> 
     </span>
     <span class='ocr_line' id='line_1_19' title="bbox 262 1105 1426 1145; baseline -0.001 -8"><span class='ocrx_word' id='word_1_109' title='bbox 262 1107 307 1138; x_wconf 83' lang='lat' dir='ltr'>Et</span> <span class='ocrx_word' id='word_1_110' title='bbox 333 1107 440 1137; x_wconf 75' lang='lat' dir='ltr'>divino</span> <span class='ocrx_word' id='word_1_111' title='bbox 465 1115 561 1137; x_wconf 85' lang='lat' dir='ltr'>urens</span> <span class='ocrx_word' id='word_1_112' title='bbox 586 1107 659 1145; x_wconf 87' lang='lat' dir='ltr'>igne</span> <span class='ocrx_word' id='word_1_113' title='bbox 954 1106 995 1136; x_wconf 76' lang='lat' dir='ltr'>Et</span> <span class='ocrx_word' id='word_1_114' title='bbox 1023 1109 1192 1144; x_wconf 84' lang='lat' dir='ltr'>utrumque</span> <span class='ocrx_word' id='word_1_115' title='bbox 1217 1105 1258 1136; x_wconf 84' lang='lat' dir='ltr'>ad</span> <span class='ocrx_word' id='word_1_116' title='bbox 1285 1114 1426 1136; x_wconf 84' lang='lat' dir='ltr'>amorem</span> 
     </span>
     <span class='ocr_line' id='line_1_20' title="bbox 307 1152 1361 1194; baseline 0.001 -10"><span class='ocrx_word' id='word_1_117' title='bbox 307 1155 524 1194; x_wconf 79' lang='lat' dir='ltr'>paenitentuni</span> <span class='ocrx_word' id='word_1_118' title='bbox 551 1154 692 1191; x_wconf 88' lang='lat' dir='ltr'>crimina,</span> <span class='ocrx_word' id='word_1_119' title='bbox 1003 1152 1122 1184; x_wconf 85' lang='lat' dir='ltr'>Christi</span> <span class='ocrx_word' id='word_1_120' title='bbox 1147 1154 1192 1184; x_wconf 90' lang='lat' dir='ltr'>tui</span> <span class='ocrx_word' id='word_1_121' title='bbox 1219 1152 1361 1185; x_wconf 82' lang='lat' dir='ltr'>subleva.</span> 
     </span>
    </p>
   </div>
   <div class='ocr_carea' id='block_1_4' title="bbox 270 1235 1514 1274">
    <p class='ocr_par' dir='ltr' id='par_1_8' title="bbox 270 1235 1514 1274">
     <span class='ocr_line' id='line_1_21' title="bbox 270 1235 1514 1274; baseline -0.002 -8"><span class='ocrx_word' id='word_1_122' title='bbox 270 1238 430 1266; x_wconf 82' lang='lat' dir='ltr'>Collectan.</span> <span class='ocrx_word' id='word_1_123' title='bbox 453 1248 496 1264; x_wconf 80' lang='lat' dir='ltr'>ms</span> <span class='ocrx_word' id='word_1_124' title='bbox 522 1239 550 1265; x_wconf 99' lang='lat' dir='ltr'>S</span> <span class='ocrx_word' id='word_1_125' title='bbox 566 1238 661 1274; x_wconf 79' lang='lat' dir='ltr'>Sergii</span> <span class='ocrx_word' id='word_1_126' title='bbox 677 1238 864 1273; x_wconf 73' lang='lat' dir='ltr'>Andegaven.</span> <span class='ocrx_word' id='word_1_127' title='bbox 888 1247 962 1265; x_wconf 70' lang='lat' dir='ltr'>saec.</span> <span class='ocrx_word' id='word_1_128' title='bbox 981 1235 1052 1264; x_wconf 42' lang='lat' dir='ltr'>¹⁰1‘ll.</span> <span class='ocrx_word' id='word_1_129' title='bbox 1068 1238 1136 1264; x_wconf 62' lang='lat' dir='ltr'>cod.</span> <span class='ocrx_word' id='word_1_130' title='bbox 1153 1237 1342 1273; x_wconf 82' lang='lat' dir='ltr'>Andegaven.</span> <span class='ocrx_word' id='word_1_131' title='bbox 1358 1236 1414 1265; x_wconf 68' lang='lat'>2813</span> <span class='ocrx_word' id='word_1_132' title='bbox 1427 1236 1514 1271; x_wconf 80' lang='grc'>(274).</span> 
     </span>
    </p>
   </div>
   <div class='ocr_carea' id='block_1_5' title="bbox 660 1367 1038 1400">
    <p class='ocr_par' dir='ltr' id='par_1_9' title="bbox 660 1367 1038 1400">
     <span class='ocr_line' id='line_1_22' title="bbox 660 1367 1038 1400; baseline -0.003 -2"><span class='ocrx_word' id='word_1_133' title='bbox 660 1368 699 1398; x_wconf 87' lang='grc'>17.</span> <span class='ocrx_word' id='word_1_134' title='bbox 741 1367 785 1399; x_wconf 82' lang='lat' dir='ltr'>Ad</span> <span class='ocrx_word' id='word_1_135' title='bbox 807 1368 900 1398; x_wconf 87' lang='lat' dir='ltr'>Deum</span> <span class='ocrx_word' id='word_1_136' title='bbox 922 1367 1038 1400; x_wconf 83' lang='lat' dir='ltr'>Oratio.</span> 
     </span>
    </p>
   </div>
   <div class='ocr_carea' id='block_1_6' title="bbox 307 1458 1318 2408">
    <p class='ocr_par' dir='ltr' id='par_1_10' title="bbox 388 1458 1311 1642">
     <span class='ocr_line' id='line_1_23' title="bbox 388 1458 1154 1498; baseline -0.001 -8"><span class='ocrx_word' id='word_1_137' title='bbox 388 1459 413 1490; x_wconf 91' lang='grc' dir='ltr'>Ο</span> <span class='ocrx_word' id='word_1_138' title='bbox 440 1459 589 1498; x_wconf 86' lang='lat' dir='ltr'>princeps</span> <span class='ocrx_word' id='word_1_139' title='bbox 616 1458 704 1496; x_wconf 80' lang='lat' dir='ltr'>pacis</span> <span class='ocrx_word' id='word_1_140' title='bbox 731 1467 768 1489; x_wconf 84' lang='lat' dir='ltr'>ac</span> <span class='ocrx_word' id='word_1_141' title='bbox 794 1458 984 1497; x_wconf 85' lang='lat' dir='ltr'>principium</span> <span class='ocrx_word' id='word_1_142' title='bbox 1014 1458 1154 1498; x_wconf 71' lang='lat' dir='ltr'>pietatisv</span> 
     </span>
     <span class='ocr_line' id='line_1_24' title="bbox 390 1505 1311 1548; baseline 0 -10"><span class='ocrx_word' id='word_1_143' title='bbox 390 1507 414 1538; x_wconf 97' lang='lat' dir='ltr'>O</span> <span class='ocrx_word' id='word_1_144' title='bbox 442 1516 548 1537; x_wconf 78' lang='lat' dir='ltr'>verum</span> <span class='ocrx_word' id='word_1_145' title='bbox 576 1505 692 1545; x_wconf 75' lang='lat' dir='ltr'>lumen,</span> <span class='ocrx_word' id='word_1_146' title='bbox 720 1506 859 1536; x_wconf 88' lang='lat' dir='ltr'>retinens</span> <span class='ocrx_word' id='word_1_147' title='bbox 886 1516 944 1545; x_wconf 81' lang='lat' dir='ltr'>par</span> <span class='ocrx_word' id='word_1_148' title='bbox 971 1516 1040 1537; x_wconf 87' lang='lat' dir='ltr'>cum</span> <span class='ocrx_word' id='word_1_149' title='bbox 1068 1511 1159 1546; x_wconf 86' lang='lat' dir='ltr'>patre</span> <span class='ocrx_word' id='word_1_150' title='bbox 1185 1516 1311 1548; x_wconf 76' lang='lat' dir='ltr'>numen,</span> 
     </span>
     <span class='ocr_line' id='line_1_25' title="bbox 391 1553 1284 1595; baseline 0.001 -10"><span class='ocrx_word' id='word_1_151' title='bbox 391 1553 530 1593; x_wconf 79' lang='lat' dir='ltr'>Spiritus</span> <span class='ocrx_word' id='word_1_152' title='bbox 556 1563 574 1584; x_wconf 88' lang='grc' dir='ltr'>ο</span> <span class='ocrx_word' id='word_1_153' title='bbox 599 1559 718 1591; x_wconf 79' lang='lat' dir='ltr'>sancte,</span> <span class='ocrx_word' id='word_1_154' title='bbox 746 1563 807 1593; x_wconf 82' lang='lat' dir='ltr'>quo</span> <span class='ocrx_word' id='word_1_155' title='bbox 834 1558 977 1585; x_wconf 78' lang='lat' dir='ltr'>constant</span> <span class='ocrx_word' id='word_1_156' title='bbox 1007 1559 1120 1586; x_wconf 85' lang='lat' dir='ltr'>cuncta</span> <span class='ocrx_word' id='word_1_157' title='bbox 1146 1556 1284 1595; x_wconf 77' lang='lat' dir='ltr'>volente7</span> 
     </span>
     <span class='ocr_line' id='line_1_26' title="bbox 391 1601 1239 1642; baseline 0.002 -10"><span class='ocrx_word' id='word_1_158' title='bbox 391 1601 450 1632; x_wconf 88' lang='lat' dir='ltr'>His</span> <span class='ocrx_word' id='word_1_159' title='bbox 477 1610 599 1640; x_wconf 86' lang='lat' dir='ltr'>quoque</span> <span class='ocrx_word' id='word_1_160' title='bbox 625 1602 768 1640; x_wconf 78' lang='lat' dir='ltr'>personis</span> <span class='ocrx_word' id='word_1_161' title='bbox 795 1611 874 1632; x_wconf 86' lang='lat' dir='ltr'>unus</span> <span class='ocrx_word' id='word_1_162' title='bbox 901 1610 1027 1642; x_wconf 85' lang='lat' dir='ltr'>semper</span> <span class='ocrx_word' id='word_1_163' title='bbox 1052 1603 1239 1642; x_wconf 76' lang='lat' dir='ltr'>specularis.</span> 
     </span>
    </p>

    <p class='ocr_par' dir='ltr' id='par_1_11' title="bbox 330 1648 1219 1885">
     <span class='ocr_line' id='line_1_27' title="bbox 330 1648 1112 1690; baseline 0 -9"><span class='ocrx_word' id='word_1_164' title='bbox 330 1651 361 1681; x_wconf 87' lang='lat'>5.</span> <span class='ocrx_word' id='word_1_165' title='bbox 388 1649 508 1681; x_wconf 89' lang='lat' dir='ltr'>Ordine</span> <span class='ocrx_word' id='word_1_166' title='bbox 535 1649 587 1688; x_wconf 90' lang='lat' dir='ltr'>qui</span> <span class='ocrx_word' id='word_1_167' title='bbox 614 1649 692 1679; x_wconf 87' lang='lat' dir='ltr'>miro</span> <span class='ocrx_word' id='word_1_168' title='bbox 718 1648 788 1680; x_wconf 82' lang='lat' dir='ltr'>finis</span> <span class='ocrx_word' id='word_1_169' title='bbox 815 1655 940 1680; x_wconf 83' lang='lat' dir='ltr'>constas</span> <span class='ocrx_word' id='word_1_170' title='bbox 967 1655 999 1681; x_wconf 79' lang='lat' dir='ltr'>et</span> <span class='ocrx_word' id='word_1_171' title='bbox 1024 1651 1112 1690; x_wconf 83' lang='lat' dir='ltr'>origo</span> 
     </span>
     <span class='ocr_line' id='line_1_28' title="bbox 396 1696 1130 1740; baseline 0.003 -13"><span class='ocrx_word' id='word_1_172' title='bbox 396 1696 497 1736; x_wconf 83' lang='lat' dir='ltr'>Leges</span> <span class='ocrx_word' id='word_1_173' title='bbox 524 1700 670 1728; x_wconf 87' lang='lat' dir='ltr'>aeternas</span> <span class='ocrx_word' id='word_1_174' title='bbox 696 1705 732 1727; x_wconf 85' lang='lat' dir='ltr'>ac</span> <span class='ocrx_word' id='word_1_175' title='bbox 759 1696 843 1727; x_wconf 84' lang='lat' dir='ltr'>solus</span> <span class='ocrx_word' id='word_1_176' title='bbox 869 1697 937 1728; x_wconf 90' lang='lat' dir='ltr'>iure</span> <span class='ocrx_word' id='word_1_177' title='bbox 964 1697 1130 1740; x_wconf 82' lang='lat' dir='ltr'>gubernas,</span> 
     </span>
     <span class='ocr_line' id='line_1_29' title="bbox 394 1743 1219 1783; baseline 0.006 -9"><span class='ocrx_word' id='word_1_178' title='bbox 394 1744 452 1782; x_wconf 82' lang='lat' dir='ltr'>Qui</span> <span class='ocrx_word' id='word_1_179' title='bbox 478 1752 575 1783; x_wconf 85' lang='lat' dir='ltr'>genus</span> <span class='ocrx_word' id='word_1_180' title='bbox 604 1743 772 1775; x_wconf 82' lang='lat' dir='ltr'>humanum</span> <span class='ocrx_word' id='word_1_181' title='bbox 801 1744 967 1776; x_wconf 83' lang='lat' dir='ltr'>miseratus</span> <span class='ocrx_word' id='word_1_182' title='bbox 995 1746 1219 1779; x_wconf 82' lang='lat' dir='ltr'>mortificatum</span> 
     </span>
     <span class='ocr_line' id='line_1_30' title="bbox 397 1790 1143 1832; baseline 0.004 -10"><span class='ocrx_word' id='word_1_183' title='bbox 397 1792 513 1823; x_wconf 84' lang='lat' dir='ltr'>Vivere</span> <span class='ocrx_word' id='word_1_184' title='bbox 540 1790 643 1822; x_wconf 86' lang='lat' dir='ltr'>fecisti</span> <span class='ocrx_word' id='word_1_185' title='bbox 669 1792 810 1830; x_wconf 86' lang='lat' dir='ltr'>pretioso</span> <span class='ocrx_word' id='word_1_186' title='bbox 836 1794 987 1832; x_wconf 77' lang='lat' dir='ltr'>sanguine</span> <span class='ocrx_word' id='word_1_187' title='bbox 1013 1794 1143 1832; x_wconf 81' lang='lat' dir='ltr'>Christi,</span> 
     </span>
     <span class='ocr_line' id='line_1_31' title="bbox 394 1839 1201 1885; baseline 0.005 -14"><span class='ocrx_word' id='word_1_188' title='bbox 394 1840 491 1871; x_wconf 90' lang='lat' dir='ltr'>Cuius</span> <span class='ocrx_word' id='word_1_189' title='bbox 516 1839 634 1870; x_wconf 83' lang='lat' dir='ltr'>iudicio</span> <span class='ocrx_word' id='word_1_190' title='bbox 660 1843 840 1871; x_wconf 75' lang='lat' dir='ltr'>statuentur</span> <span class='ocrx_word' id='word_1_191' title='bbox 866 1846 980 1872; x_wconf 81' lang='lat' dir='ltr'>cuncta</span> <span class='ocrx_word' id='word_1_192' title='bbox 1006 1842 1064 1872; x_wconf 83' lang='lat' dir='ltr'>sub</span> <span class='ocrx_word' id='word_1_193' title='bbox 1091 1852 1201 1885; x_wconf 88' lang='lat' dir='ltr'>aequo,</span> 
     </span>
    </p>

    <p class='ocr_par' dir='ltr' id='par_1_12' title="bbox 311 1886 1282 2123">
     <span class='ocr_line' id='line_1_32' title="bbox 311 1886 1217 1931; baseline 0.003 -11"><span class='ocrx_word' id='word_1_194' title='bbox 311 1889 365 1921; x_wconf 89' lang='lat'>10.</span> <span class='ocrx_word' id='word_1_195' title='bbox 394 1888 443 1919; x_wconf 85' lang='lat' dir='ltr'>Da</span> <span class='ocrx_word' id='word_1_196' title='bbox 469 1889 587 1918; x_wconf 86' lang='lat' dir='ltr'>sentire</span> <span class='ocrx_word' id='word_1_197' title='bbox 613 1886 718 1927; x_wconf 83' lang='lat' dir='ltr'>fidem,</span> <span class='ocrx_word' id='word_1_198' title='bbox 746 1896 806 1927; x_wconf 83' lang='lat' dir='ltr'>qua</span> <span class='ocrx_word' id='word_1_199' title='bbox 832 1887 909 1919; x_wconf 83' lang='lat' dir='ltr'>felix</span> <span class='ocrx_word' id='word_1_200' title='bbox 937 1888 998 1920; x_wconf 82' lang='lat' dir='ltr'>fert</span> <span class='ocrx_word' id='word_1_201' title='bbox 1025 1890 1085 1920; x_wconf 90' lang='lat' dir='ltr'>sibi</span> <span class='ocrx_word' id='word_1_202' title='bbox 1113 1891 1217 1931; x_wconf 76' lang='lat' dir='ltr'>tinem,</span> 
     </span>
     <span class='ocr_line' id='line_1_33' title="bbox 393 1935 1240 1977; baseline 0.005 -10"><span class='ocrx_word' id='word_1_203' title='bbox 393 1935 435 1967; x_wconf 88' lang='lat' dir='ltr'>Ut</span> <span class='ocrx_word' id='word_1_204' title='bbox 463 1936 590 1966; x_wconf 84' lang='lat' dir='ltr'>credam</span> <span class='ocrx_word' id='word_1_205' title='bbox 617 1939 714 1972; x_wconf 81' lang='lat' dir='ltr'>recte,</span> <span class='ocrx_word' id='word_1_206' title='bbox 742 1943 798 1966; x_wconf 83' lang='lat' dir='ltr'>nec</span> <span class='ocrx_word' id='word_1_207' title='bbox 824 1936 887 1966; x_wconf 80' lang='lat' dir='ltr'>sint</span> <span class='ocrx_word' id='word_1_208' title='bbox 913 1937 994 1968; x_wconf 81' lang='lat' dir='ltr'>aliae</span> <span class='ocrx_word' id='word_1_209' title='bbox 1020 1938 1096 1969; x_wconf 83' lang='lat' dir='ltr'>mihi</span> <span class='ocrx_word' id='word_1_210' title='bbox 1123 1946 1240 1977; x_wconf 82' lang='lat' dir='ltr'>sectae,</span> 
     </span>
     <span class='ocr_line' id='line_1_34' title="bbox 389 1982 1282 2022; baseline 0.003 -8"><span class='ocrx_word' id='word_1_211' title='bbox 389 1984 496 2022; x_wconf 83' lang='lat' dir='ltr'>Atque</span> <span class='ocrx_word' id='word_1_212' title='bbox 523 1982 618 2013; x_wconf 77' lang='lat' dir='ltr'>sciam</span> <span class='ocrx_word' id='word_1_213' title='bbox 646 1983 751 2021; x_wconf 70' lang='lat' dir='ltr'>plane,</span> <span class='ocrx_word' id='word_1_214' title='bbox 778 1984 863 2022; x_wconf 82' lang='lat' dir='ltr'>quod</span> <span class='ocrx_word' id='word_1_215' title='bbox 889 1984 1005 2016; x_wconf 87' lang='lat' dir='ltr'>iustum</span> <span class='ocrx_word' id='word_1_216' title='bbox 1032 1986 1073 2016; x_wconf 83' lang='lat' dir='ltr'>sit</span> <span class='ocrx_word' id='word_1_217' title='bbox 1101 1988 1152 2018; x_wconf 84' lang='lat' dir='ltr'>vel</span> <span class='ocrx_word' id='word_1_218' title='bbox 1177 1989 1282 2019; x_wconf 83' lang='lat' dir='ltr'>inane.</span> 
     </span>
     <span class='ocr_line' id='line_1_35' title="bbox 391 2031 1221 2075; baseline 0.006 -13"><span class='ocrx_word' id='word_1_219' title='bbox 391 2031 486 2070; x_wconf 89' lang='lat' dir='ltr'>Spem</span> <span class='ocrx_word' id='word_1_220' title='bbox 513 2031 651 2062; x_wconf 88' lang='lat' dir='ltr'>concede</span> <span class='ocrx_word' id='word_1_221' title='bbox 678 2031 764 2071; x_wconf 88' lang='lat' dir='ltr'>mihi,</span> <span class='ocrx_word' id='word_1_222' title='bbox 793 2040 854 2069; x_wconf 80' lang='lat' dir='ltr'>qua</span> <span class='ocrx_word' id='word_1_223' title='bbox 880 2033 978 2070; x_wconf 83' lang='lat' dir='ltr'>possit</span> <span class='ocrx_word' id='word_1_224' title='bbox 1006 2033 1071 2064; x_wconf 78' lang='lat' dir='ltr'>vita</span> <span class='ocrx_word' id='word_1_225' title='bbox 1098 2035 1221 2075; x_wconf 77' lang='lat' dir='ltr'>videri3</span> 
     </span>
     <span class='ocr_line' id='line_1_36' title="bbox 391 2077 1161 2123; baseline 0.006 -14"><span class='ocrx_word' id='word_1_226' title='bbox 391 2079 504 2110; x_wconf 87' lang='lat' dir='ltr'>Virtus</span> <span class='ocrx_word' id='word_1_227' title='bbox 530 2080 562 2109; x_wconf 89' lang='lat' dir='ltr'>in</span> <span class='ocrx_word' id='word_1_228' title='bbox 589 2077 637 2108; x_wconf 89' lang='lat' dir='ltr'>his</span> <span class='ocrx_word' id='word_1_229' title='bbox 662 2078 767 2117; x_wconf 84' lang='lat' dir='ltr'>prima</span> <span class='ocrx_word' id='word_1_230' title='bbox 793 2083 891 2110; x_wconf 84' lang='lat' dir='ltr'>restat</span> <span class='ocrx_word' id='word_1_231' title='bbox 920 2081 1049 2112; x_wconf 88' lang='lat' dir='ltr'>dilectio</span> <span class='ocrx_word' id='word_1_232' title='bbox 1076 2082 1161 2123; x_wconf 79' lang='lat' dir='ltr'>bina,</span> 
     </span>
    </p>

    <p class='ocr_par' dir='ltr' id='par_1_13' title="bbox 312 2126 1318 2363">
     <span class='ocr_line' id='line_1_37' title="bbox 312 2126 1318 2166; baseline 0.003 -6"><span class='ocrx_word' id='word_1_233' title='bbox 312 2128 366 2160; x_wconf 91' lang='lat'>15.</span> <span class='ocrx_word' id='word_1_234' title='bbox 393 2127 504 2166; x_wconf 82' lang='lat' dir='ltr'>Quam,</span> <span class='ocrx_word' id='word_1_235' title='bbox 531 2126 626 2166; x_wconf 83' lang='lat' dir='ltr'>Deus,</span> <span class='ocrx_word' id='word_1_236' title='bbox 654 2126 788 2157; x_wconf 85' lang='lat' dir='ltr'>infunde</span> <span class='ocrx_word' id='word_1_237' title='bbox 813 2126 871 2157; x_wconf 89' lang='lat' dir='ltr'>sub</span> <span class='ocrx_word' id='word_1_238' title='bbox 898 2128 1022 2160; x_wconf 84' lang='lat' dir='ltr'>viscera</span> <span class='ocrx_word' id='word_1_239' title='bbox 1048 2130 1154 2162; x_wconf 87' lang='lat' dir='ltr'>cordis</span> <span class='ocrx_word' id='word_1_240' title='bbox 1180 2131 1318 2165; x_wconf 84' lang='lat' dir='ltr'>abunde.</span> 
     </span>
     <span class='ocr_line' id='line_1_38' title="bbox 391 2173 1290 2218; baseline 0.004 -12"><span class='ocrx_word' id='word_1_241' title='bbox 391 2175 496 2206; x_wconf 88' lang='lat' dir='ltr'>Aures</span> <span class='ocrx_word' id='word_1_242' title='bbox 521 2173 665 2215; x_wconf 82' lang='lat' dir='ltr'>adverte⁷</span> <span class='ocrx_word' id='word_1_243' title='bbox 694 2183 780 2215; x_wconf 85' lang='lat' dir='ltr'>rogo,</span> <span class='ocrx_word' id='word_1_244' title='bbox 807 2174 870 2205; x_wconf 86' lang='lat' dir='ltr'>sint</span> <span class='ocrx_word' id='word_1_245' title='bbox 897 2176 972 2207; x_wconf 86' lang='lat' dir='ltr'>mihi</span> <span class='ocrx_word' id='word_1_246' title='bbox 998 2185 1125 2217; x_wconf 86' lang='lat' dir='ltr'>semper</span> <span class='ocrx_word' id='word_1_247' title='bbox 1147 2182 1290 2218; x_wconf 82' lang='lat' dir='ltr'>apertae,</span> 
     </span>
     <span class='ocr_line' id='line_1_39' title="bbox 392 2221 1085 2264; baseline 0.004 -11"><span class='ocrx_word' id='word_1_248' title='bbox 392 2222 442 2253; x_wconf 85' lang='lat' dir='ltr'>Ne</span> <span class='ocrx_word' id='word_1_249' title='bbox 468 2221 684 2253; x_wconf 83' lang='lat' dir='ltr'>reminiscaris</span> <span class='ocrx_word' id='word_1_250' title='bbox 712 2222 829 2253; x_wconf 77' lang='lat' dir='ltr'>delicta</span> <span class='ocrx_word' id='word_1_251' title='bbox 853 2224 912 2254; x_wconf 83' lang='lat' dir='ltr'>mei</span> <span class='ocrx_word' id='word_1_252' title='bbox 942 2225 1085 2264; x_wconf 84' lang='lat' dir='ltr'>puerilis,</span> 
     </span>
     <span class='ocr_line' id='line_1_40' title="bbox 394 2268 1220 2313; baseline 0.006 -12"><span class='ocrx_word' id='word_1_253' title='bbox 394 2269 457 2302; x_wconf 85' lang='lat' dir='ltr'>Sed</span> <span class='ocrx_word' id='word_1_254' title='bbox 483 2270 554 2309; x_wconf 86' lang='lat' dir='ltr'>pius</span> <span class='ocrx_word' id='word_1_255' title='bbox 580 2268 707 2308; x_wconf 85' lang='lat' dir='ltr'>ignosce</span> <span class='ocrx_word' id='word_1_256' title='bbox 733 2268 827 2301; x_wconf 84' lang='lat' dir='ltr'>factis</span> <span class='ocrx_word' id='word_1_257' title='bbox 854 2272 1041 2313; x_wconf 82' lang='lat' dir='ltr'>veniamque</span> <span class='ocrx_word' id='word_1_258' title='bbox 1067 2274 1220 2313; x_wconf 87' lang='lat' dir='ltr'>repende.</span> 
     </span>
     <span class='ocr_line' id='line_1_41' title="bbox 392 2317 1302 2363; baseline 0.004 -14"><span class='ocrx_word' id='word_1_259' title='bbox 392 2317 464 2350; x_wconf 88' lang='lat' dir='ltr'>Non</span> <span class='ocrx_word' id='word_1_260' title='bbox 490 2326 560 2349; x_wconf 86' lang='lat' dir='ltr'>mea</span> <span class='ocrx_word' id='word_1_261' title='bbox 585 2325 683 2358; x_wconf 89' lang='lat' dir='ltr'>mens,</span> <span class='ocrx_word' id='word_1_262' title='bbox 711 2325 838 2358; x_wconf 82' lang='lat' dir='ltr'>quaeso,</span> <span class='ocrx_word' id='word_1_263' title='bbox 865 2318 1013 2352; x_wconf 84' lang='lat' dir='ltr'>laedatur</span> <span class='ocrx_word' id='word_1_264' title='bbox 1037 2330 1125 2352; x_wconf 89' lang='lat' dir='ltr'>more</span> <span class='ocrx_word' id='word_1_265' title='bbox 1151 2322 1302 2363; x_wconf 85' lang='lat' dir='ltr'>superbo,</span> 
     </span>
    </p>

    <p class='ocr_par' dir='ltr' id='par_1_14' title="bbox 307 2365 1072 2408">
     <span class='ocr_line' id='line_1_42' title="bbox 307 2365 1072 2408; baseline -0.001 -7"><span class='ocrx_word' id='word_1_266' title='bbox 307 2367 364 2401; x_wconf 84' lang='lat'>20.</span> <span class='ocrx_word' id='word_1_267' title='bbox 392 2366 555 2398; x_wconf 81' lang='lat' dir='ltr'>Aslveniat</span> <span class='ocrx_word' id='word_1_268' title='bbox 580 2365 640 2396; x_wconf 88' lang='lat' dir='ltr'>rite</span> <span class='ocrx_word' id='word_1_269' title='bbox 665 2370 770 2398; x_wconf 85' lang='lat' dir='ltr'>custos</span> <span class='ocrx_word' id='word_1_270' title='bbox 795 2367 952 2404; x_wconf 85' lang='lat' dir='ltr'>patientia</span> <span class='ocrx_word' id='word_1_271' title='bbox 978 2367 1072 2408; x_wconf 85' lang='lat' dir='ltr'>vitae,</span> 
     </span>
    </p>
   </div>
  </div>
 </body>
</html>
