1651 2680
211 199 267 232 29.

208 668 263 700 30.

206 1139 262 1170 31.

201 1607 256 1638 32.

202 2077 260 2110 33.

723 98 890 134 -343
941 118 985 123 -

294 195 481 230 Revertenti
505 195 650 236 praemia

340 245 432 277 offert
457 243 594 281 infinita,

292 294 380 333 Quae
405 300 464 323 nec
486 291 571 323 vidit
596 291 707 324 oculus

339 349 393 372 rec
417 348 495 371 aure
520 343 595 372 sunt.
619 340 748 382 audita3

290 388 360 420 Nec
383 387 568 420 intellectus
594 388 732 419 hominis

337 435 425 476 capit
449 435 482 466 in
509 435 569 467 hac
595 436 661 467 vita

290 485 377 523 Quae
401 483 465 515 sint
490 484 523 515 in
550 483 647 516 caelis
673 486 818 524 praemia

336 531 430 564 iustis
456 533 624 572 acquisita.

291 667 394 707 Igitur
420 670 608 698 convertere

337 715 380 747 ad
407 717 495 745 tuum
521 715 761 754 plasmatorem,

287 763 341 794 Ad
368 763 514 802 amicum,
544 763 717 803 dominum,

335 815 472 852 patrem,
501 811 748 854 redemptorem,

287 860 449 891 Timorem
476 863 508 890 et
534 859 676 891 debitum

336 907 517 947 rependens
543 916 695 945 amorem,

287 956 347 995 Qui
373 966 391 988 a
416 956 558 994 peccatis
585 956 751 997 proprium

337 1007 369 1036 te
395 1004 474 1036 lavit
499 1013 558 1043 per
583 1013 740 1035 cruorem.

290 1139 345 1170 Nil
372 1137 509 1180 dubites,
536 1139 579 1169 nil
608 1138 757 1175 haesites,

335 1187 378 1218 nil
409 1186 487 1217 velis
514 1187 690 1225 trepidare,

287 1234 388 1266 Curre
414 1234 507 1266 velox
535 1234 702 1266 audaciter

335 1283 376 1314 ad
403 1285 492 1313 tuum
519 1283 677 1320 salutare,

287 1332 490 1370 Quacumque
517 1331 597 1362 hora
624 1330 761 1370 veneris,

332 1383 499 1418 promptus
529 1383 577 1410 est
603 1378 743 1418 salvare,

284 1427 366 1458 Nam
394 1431 505 1466 gravat
533 1436 603 1458 eum
629 1426 777 1465 perdere,

333 1474 418 1515 quod
444 1475 519 1506 emit
545 1480 610 1506 tam
637 1483 757 1506 amare.

284 1606 310 1638 Ο
337 1606 418 1637 mira
442 1605 611 1636 clementia

334 1659 398 1696 tua,
426 1663 483 1684 rex
511 1654 681 1693 caelorum,

285 1703 310 1735 Ο
334 1708 389 1734 tua
414 1711 529 1741 magna
556 1701 692 1742 bonitas,

336 1754 464 1782 creator
489 1750 698 1787 saeculorum,

286 1800 311 1831 Ο
338 1800 428 1840 larga
456 1803 511 1831 tua
537 1799 651 1838 pietas,

335 1847 480 1879 indultor
506 1850 722 1886 peccatorum,

286 1897 312 1928 O
340 1896 395 1936 pia
422 1899 475 1927 tua
502 1895 646 1935 largitas,

335 1945 428 1976 dator
455 1944 546 1984 regni
572 1943 751 1975 caelorum!

290 2076 316 2109 Ο
342 2084 437 2116 quam
463 2083 496 2106 es
520 2072 711 2115 amicabilis,

333 2124 498 2164 lapsorum
525 2125 703 2162 reparator,

286 2173 313 2206 O
339 2180 433 2212 quam
460 2180 494 2202 es
520 2169 734 2208 admirabilis,

335 2229 461 2252 reorum
488 2218 691 2250 immutator!

286 2268 364 2309 Quis
390 2277 453 2300 nou
479 2267 602 2300 amabit
626 2270 668 2308 te,

334 2325 354 2349 o
380 2317 520 2348 clemens
544 2312 737 2347 miserator?

286 2365 365 2404 Quis
390 2374 455 2397 non
481 2364 608 2396 timebit
633 2366 676 2400 te,

335 2421 355 2445 o
381 2413 500 2445 vindex
526 2409 711 2445 indicator?

901 199 957 231 34.

902 670 956 702 35.

901 1139 955 1170 36.

898 1605 953 1636 37.

899 2072 954 2104 38.

985 198 1080 236 Ecce,
1108 198 1205 229 miser
1230 197 1357 230 clamito

1033 246 1075 278 ad
1102 249 1133 276 te
1160 246 1200 277 de
1226 244 1407 286 profundis,

983 293 1164 326 Sorditatus
1191 295 1276 325 vitiis

1031 351 1204 382 oppressus
1231 346 1263 373 et
1286 342 1469 374 immundis,

980 391 1030 422 Tu
1054 390 1131 421 mihi
1156 400 1282 421 manum
1309 390 1430 429 porige,

1029 438 1082 478 qui
1109 438 1244 477 gratiam
1272 437 1424 473 infundis,

982 486 1072 518 Sicut
1098 486 1160 516 scis
1187 490 1217 517 et
1243 486 1370 526 quando
1394 486 1453 525 vis,

1030 533 1189 565 mentibus
1214 534 1372 565 iucundis.

985 668 1120 700 Intende
1146 668 1207 707 piis
1236 667 1366 699 auribus

1032 716 1072 748 ad
1100 724 1207 746 vocem
1234 724 1322 747 meae
1348 716 1463 754 precis,

984 764 1122 795 infunde
1152 764 1256 794 lumen
1283 764 1382 794 oculis

1032 812 1146 843 mentis
1173 821 1261 843 meae
1288 811 1391 842 caecis

983 861 1026 892 Et
1053 860 1133 891 educ
1159 869 1208 890 me
1235 861 1394 899 miserum,

1032 912 1181 940 aeternae
1210 917 1296 939 reum
1323 908 1420 942 necis,

981 956 1029 987 Dc
1055 957 1126 986 lacu
1154 956 1311 994 miseriae,

1029 1004 1143 1035 foedae
1170 1005 1236 1034 luto
1263 1003 1371 1036 faecis.

985 1138 1142 1170 Miserere
1168 1138 1240 1172 mei,
1269 1138 1366 1175 Deus,

1028 1186 1181 1216 miserere
1207 1186 1278 1223 mei,

980 1234 1137 1264 Miserere
1163 1234 1281 1268 miseri,

1028 1283 1181 1312 miserere
1207 1282 1264 1315 rei.

981 1329 1100 1360 Summi
1129 1329 1222 1360 dator
1248 1329 1392 1368 praemii,

1028 1377 1108 1408 lucis
1138 1386 1175 1408 ac
1201 1377 1333 1417 requiei,

980 1426 1017 1457 In
1045 1429 1076 1456 te
1103 1425 1236 1457 contidit
1262 1425 1366 1456 anima

1027 1482 1107 1509 mea,
1135 1482 1285 1505 succurre
1312 1474 1351 1504 ei.

983 1605 1140 1636 Miserere
1167 1604 1294 1636 minero.

1029 1661 1125 1692 parce
1153 1651 1316 1683 confitenti

978 1702 1086 1740 Atque
1112 1710 1236 1731 manum
1264 1700 1392 1740 porrige

1031 1757 1162 1787 surgere
1189 1748 1307 1779 volenti

984 1797 1025 1828 Et
1051 1806 1190 1828 amorem
1218 1796 1364 1836 imprime

1030 1850 1118 1876 tuum
1144 1854 1231 1876 meae
1258 1845 1367 1882 menti,

983 1893 1037 1924 Me
1064 1893 1221 1924 mundans
1248 1902 1266 1924 a
1295 1892 1378 1923 vitiis

1034 1942 1152 1972 virtute
1177 1941 1312 1980 potenti.

982 2071 1044 2111 En,
1071 2070 1111 2101 ad
1139 2074 1170 2101 te
1197 2070 1355 2109 confugio,

1029 2119 1081 2159 qui
1110 2123 1222 2159 potens
1248 2128 1281 2150 es
1307 2120 1448 2159 salvare,

982 2168 1085 2199 Tuum
1111 2167 1305 2198 adiutorium

1032 2215 1169 2254 imploro
1195 2216 1346 2253 salutare,

983 2264 1065 2296 Mihi
1092 2263 1171 2294 nihil
1197 2264 1311 2300 oberit,

1031 2312 1057 2343 si
1084 2320 1133 2342 me
1159 2312 1238 2343 velis
1265 2313 1389 2351 iuvare,

981 2361 1062 2400 Quia
1087 2363 1122 2391 tu
1147 2360 1243 2399 solus,
1273 2362 1300 2393 si
1328 2361 1386 2403 vis,

1030 2418 1080 2440 me
1105 2412 1220 2448 potens
1246 2419 1280 2441 es
1307 2409 1476 2442 mundare.
