1651 2680
635 99 895 135 —177—

129 195 185 228 19.
211 196 316 228 Locus
341 197 403 228 mei
429 195 586 228 similibus

207 244 286 277 Cum
312 243 396 284 igne,
423 245 506 285 gelu,
534 246 706 285 vermibus,

207 290 371 332 Infelices,
397 293 451 332 qui
477 292 555 323 talia

210 340 339 372 Passuri
365 345 437 372 sunt
464 340 633 380 supplicia,

125 426 183 459 20.
209 425 279 466 Ego
305 430 410 457 tamen
437 434 515 466 prae
540 426 686 458 omnibus

208 473 269 506 His
294 473 406 506 horum
433 483 488 506 ero
514 474 629 507 socius,

210 523 292 564 Heu,
319 521 391 562 heu,
418 522 494 553 mihi
522 522 655 554 misero!

209 571 274 603 Cur
299 570 441 610 processi
468 579 505 601 ex
533 574 634 609 utero,

125 657 182 689 21.
209 657 274 690 Cur
299 655 436 688 lactatus
461 655 625 695 uberibus,

204 705 269 737 Cur
293 704 432 736 nutritus
459 704 632 743 remissius,

205 752 250 785 Ut
275 750 451 784 infernales
478 761 643 791 pascerem

202 800 245 832 Et
272 799 353 832 caeli
379 808 478 840 regua
503 798 698 839 perderem?

123 888 180 919 22.
207 887 296 919 Mors
321 894 391 917 mea
418 887 512 917 nimis
538 886 672 924 misera3

206 934 328 975 Lugete
354 943 488 972 mecum,
513 934 630 971 omnia,

207 982 300 1023 Dole,
326 982 460 1020 caelum,
487 982 645 1021 superius,

207 1031 318 1067 Terra,
346 1039 404 1061 nec
430 1040 491 1061 non
518 1028 663 1072 inferius,

119 1118 178 1150 23.
205 1118 303 1149 Immo
330 1116 494 1148 Christum
521 1116 685 1156 exposcite

203 1165 245 1197 Et
271 1173 330 1205 pro
355 1173 405 1195 me
431 1164 633 1198 intercedite.

204 1214 347 1252 Quonam
373 1213 471 1244 miser
497 1211 688 1252 confugiam,

204 1263 300 1301 Quem
328 1261 518 1292 advocatum
546 1259 715 1300 repetam?

121 1349 179 1381 24.
206 1348 281 1380 Sum
308 1351 459 1387 peccator
484 1355 561 1387 prae
579 1346 736 1388 omnibus,

206 1397 332 1429 Idcirco
357 1404 416 1427 nec
442 1395 627 1433 sublimius;

202 1443 346 1484 Expedit
372 1452 420 1474 me
446 1449 668 1475 transcurrere

201 1492 246 1524 Et
271 1493 449 1524 adiutorem
477 1500 642 1532 quaerere.

121 1579 179 1612 25.
204 1579 262 1618 Tu,
289 1583 400 1610 sancta
427 1578 484 1610 Dei
512 1578 668 1618 genetrix,

202 1627 272 1659 Hac
298 1635 331 1658 es
357 1627 390 1658 in
416 1636 451 1658 re
477 1626 650 1667 possibilis,

201 1675 248 1706 Te
273 1683 361 1716 spem
388 1685 488 1706 meam
517 1675 687 1713 constituo,

202 1723 276 1755 Tibi
302 1732 352 1755 me
378 1733 503 1755 servum
530 1722 640 1755 offero.

121 1810 178 1842 26.
204 1810 286 1842 Fide
311 1818 381 1841 mea
407 1819 457 1841 me
482 1810 618 1851 suscipe,

203 1858 287 1891 Nato
313 1862 368 1889 tuo
394 1859 538 1895 restitue,

202 1907 278 1939 Mea
303 1905 417 1938 infelix
444 1908 551 1938 anima

201 1955 250 1987 Ne
276 1956 319 1987 sit
343 1955 376 1986 in
399 1955 462 1986 fine
488 1955 628 1996 perdita.

118 2037 176 2072 27.
204 2039 338 2070 Praesta
362 2037 440 2068 mihi
468 2036 658 2078 subsidium,

202 2087 286 2119 Dum
310 2085 371 2117 hoc
396 2086 524 2126 suspiro
543 2085 729 2123 saeculum·⁷

202 2135 246 2167 Et
269 2143 340 2167 cum
367 2135 498 2166 recedet
524 2133 668 2174 spiritus,

201 2184 327 2216 Adesto
354 2183 450 2214 castis
476 2181 638 2222 precibus.

115 2265 173 2300 28.
200 2265 283 2297 Nam
308 2270 339 2296 te
365 2269 489 2304 orante,
517 2264 658 2305 domina,

199 2314 389 2346 Sanctorum
416 2317 548 2353 surgent
574 2311 673 2352 milia,

201 2362 235 2395 Si
261 2367 296 2394 tu
321 2362 391 2394 sola
413 2361 553 2397 silueris,

199 2411 270 2443 Vox
296 2410 387 2443 nulla
412 2410 473 2442 erit
500 2409 584 2442 aliis.

158 2469 301 2499 Dreves,
320 2469 368 2492 pia
385 2468 553 2492 nictimine.
583 2466 646 2490 V11.

816 199 872 231 29.

816 428 872 461 30.

815 658 870 690 31.

817 887 873 919 32.

813 1118 870 1150 33.

811 1347 866 1379 34.

812 1579 867 1611 35.

811 1809 865 1841 36.

813 2036 870 2069 37.

807 2263 863 2296 38.

900 197 982 228 Nam
1009 206 1042 229 es
1068 197 1177 237 regina
1202 196 1361 237 caelitum,

899 245 1042 287 Rectrix,
1064 246 1260 285 redemptrix
1279 244 1433 283 omnium,

899 293 973 324 Noli
1001 294 1107 331 silere,
1136 294 1274 331 domina,

899 341 977 372 Esto
1004 341 1080 373 mihi
1107 342 1256 383 propitia.

901 427 972 458 Non
1007 428 1075 459 vult
1101 428 1183 458 enim
1211 437 1259 459 inc
1286 427 1434 466 perdere,

899 475 958 513 Qui
986 485 1035 506 me
1061 476 1197 507 redemit
1222 475 1387 515 sanguiue,

900 523 969 561 Ille,
995 524 1114 564 regina,
1143 524 1268 554 unicum

902 573 1000 609 Quem
1027 571 1164 611 genuisti
1191 571 1301 602 filium.

899 656 966 687 Fac
991 656 1108 688 festum
1134 657 1201 688 eius
1227 657 1360 697 angelis,

896 704 963 735 Fac
989 714 1072 736 nunc
1102 714 1216 736 vacare
1243 705 1377 745 gaudiis,

896 753 971 784 Mea
999 754 1080 784 enim
1109 754 1276 784 conversio

896 801 969 832 Fiet
994 802 1040 832 eis
1066 801 1207 833 laetatio.

899 886 942 917 Et
969 895 1152 918 conversum
1181 897 1199 917 a
1224 887 1309 918 vitiis

900 934 1044 975 Custodi,
1072 934 1132 965 Dei
1157 935 1312 974 genetrix,

900 982 953 1012 Me
980 983 1101 1013 cunctis
1127 983 1205 1013 locis
1230 987 1372 1024 protege,

900 1030 935 1061 ln
962 1031 1043 1061 vinni
1072 1030 1159 1069 pacis
1188 1031 1299 1070 dirige.

898 1116 1053 1154 Stantem,
1080 1116 1245 1148 sedentem
1272 1117 1407 1158 corrige,

899 1165 934 1195 ln
962 1165 1084 1195 cunctis
1112 1163 1206 1196 factis
1234 1165 1347 1205 dirige,

898 1212 1028 1242 Manum
1056 1218 1213 1243 sacratam
1243 1213 1371 1253 porrige

896 1259 1072 1291 Labentem
1100 1269 1158 1291 nec
1184 1270 1245 1292 non
1273 1262 1370 1300 erige,

894 1346 1021 1377 Max-ina
1048 1346 1151 1385 stella,
1179 1347 1324 1386 obsecro,

896 1393 995 1425 Serva
1021 1403 1070 1425 me
1097 1394 1194 1425 maris
1221 1395 1337 1431 taedio,

894 1442 998 1474 Aufer
1022 1452 1041 1474 a
1066 1451 1115 1474 me
1141 1443 1330 1483 periculum,

896 1489 939 1522 Ut
966 1491 1053 1522 vales
1080 1494 1109 1521 et
1137 1491 1200 1521 scis
1226 1491 1379 1532 indigum.

894 1577 994 1609 Vales
1022 1578 1104 1609 enim
1131 1587 1209 1617 prae
1237 1579 1394 1621 omnibus,

894 1626 979 1664 Quos
1006 1627 1177 1665 praecellis
1205 1628 1390 1662 virtutibus.

894 1673 943 1705 Tu
969 1675 1152 1714 angelorum
1183 1675 1311 1707 domina

895 1721 939 1753 Et
965 1723 1195 1762 prophetarum
1223 1724 1336 1764 gloria,

893 1809 1133 1846 Apostolorum.
1162 1814 1348 1849 martyrum,

895 1855 1119 1888 confessorum
1148 1862 1179 1887 et
1206 1858 1364 1898 virginum

895 1903 965 1934 Nec
989 1914 1051 1936 non
1077 1909 1259 1937 sanctorum
1278 1907 1421 1939 oninium

897 1951 936 1984 L't
966 1958 1015 1983 est
1041 1953 1120 1984 ordo
1150 1954 1346 1994 caelestium,

1426 1934 1433 1949 7

898 2038 1036 2073 Quorum
1064 2037 1172 2066 iuncta
1199 2037 1358 2069 consortio

898 2083 964 2115 Ora
989 2092 1048 2122 pro
1074 2091 1123 2113 me
1149 2084 1340 2123 miserrimo,

899 2131 993 2163 Solve
1021 2133 1080 2162 mei
1107 2132 1268 2164 miseriam

898 2179 938 2210 Et
966 2179 1116 2219 impende
1141 2180 1353 2214 clementiani.

891 2262 942 2293 Ab
970 2262 1081 2294 hoedis
1107 2263 1234 2296 tristem
1260 2266 1350 2304 eripe

893 2310 934 2342 Et
962 2310 1074 2342 ovibus
1101 2311 1269 2350 intersere,

894 2359 961 2390 Fac
988 2368 1037 2390 me
1063 2359 1202 2400 gaudere
1229 2359 1353 2394 floridis

899 2407 1045 2439 Paradisi
1073 2406 1210 2451 deliciis,

1226 2464 1261 2493 12
