1651 2680
673 81 932 116 —250-

572 174 640 205 208.
683 174 724 205 De
745 176 854 205 sancto
874 174 1038 206 clemente.

182 263 212 295 1.
238 264 317 303 Ave,
346 268 470 304 martyr
496 263 710 303 triumphalis,
873 266 904 297 4.
931 263 976 296 Ut
1000 269 1054 297 tua
1080 273 1138 304 per
1162 262 1323 304 magnalia

242 310 361 341 Christi
389 311 516 349 praesul
543 310 703 351 specialis,
929 312 1081 345 erest-ant
1107 311 1299 352 spiritualia.

240 358 306 389 Nos
333 368 351 388 a
375 358 484 390 mundi
511 367 588 390 sana
614 358 718 396 malis,
928 359 996 391 Nec
1023 360 1128 392 desint
1153 358 1355 401 temporalia,

242 405 290 436 Ne
318 415 373 436 nos
398 416 487 438 amor
513 406 684 438 mundialis
931 407 1004 438 Post
1031 408 1110 439 haec
1136 411 1168 438 et
1192 406 1368 439 aeternalia

287 454 416 493 Mergat
443 455 473 485 in
501 452 631 494 flagitia.
977 455 1102 487 Dentur
1127 454 1248 488 Christi
1272 462 1413 485 munera.

185 540 217 572 2.
246 540 354 571 Palma
382 540 486 570 nitens
513 539 709 580 triumphali,
872 542 903 572 5.
929 540 955 572 Ο
981 540 1146 582 Clemens,
1174 543 1297 578 martyr
1324 538 1463 579 Domini,

241 590 334 626 Aqua
360 596 481 618 mersus
507 587 666 625 marinali,
929 587 997 619 Tuo
1023 588 1117 620 beato
1143 588 1261 619 nomini

242 635 345 666 Vitam
373 635 496 666 claudis
522 639 623 666 morte
650 635 716 669 tali,
930 635 1048 667 Nostra
1074 635 1239 667 subscribe
1266 635 1393 666 nomina

244 682 287 714 Ut
313 687 385 722 post
412 686 543 713 mortem
571 682 745 713 immortali
928 683 964 713 ln
992 683 1067 714 libri
1097 683 1180 714 vitae
1206 683 1322 724 pagina

290 730 457 761 Fruereris
484 729 594 762 infula.
978 730 1098 763 Christi
1127 731 1222 762 dante
1249 731 1362 770 gratia.

184 817 215 847 tl.
247 817 319 848 Una
345 826 431 857 voce,
459 821 562 847 niente
589 816 658 855 pari
871 817 902 848 6.
931 815 980 846 Ne
1004 816 1170 854 permittas
1195 825 1253 856 spe
1279 814 1441 851 frustrari,

242 863 307 894 Nos
334 863 452 895 honore
478 864 631 903 singulari
932 862 1051 900 Quibus
1077 866 1168 902 potes
1195 862 1375 902 suffragari,

241 911 285 942 Te
312 911 475 943 studemus
503 911 667 952 venerari3
930 910 999 942 Fac
1025 920 1081 942 nos
1100 911 1227 943 Christo
1254 910 1463 951 praesentari,

244 959 324 989 Dum
353 968 516 990 versamur
541 959 570 989 in
599 959 658 990 hoc
683 959 775 1000 mari,
931 958 975 989 rt
1013 959 1094 990 hune
1125 962 1228 989 tecum
1257 958 1465 997 contemplari

288 1006 413 1038 Exhibe
439 1006 599 1047 suffragia,
981 1007 1140 1038 Possimus
1166 1007 1197 1037 in
1224 1006 1335 1045 gloria.

486 1093 501 1102 ,-

489 1101 514 1123 t.
547 1091 608 1124 Ubi
632 1100 689 1121 nec
716 1100 797 1132 cras,
826 1099 883 1122 nec
910 1091 1103 1130 hesternum,

545 1139 607 1170 Sed
634 1143 681 1169 est
707 1139 792 1170 idem
819 1138 1018 1176 hodiernum,

546 1187 608 1218 Ubi
634 1186 730 1224 salus,
757 1185 812 1217 ubi
839 1186 914 1225 vita,

546 1234 608 1266 Ubi
635 1243 698 1272 pax
725 1237 773 1265 est
798 1233 933 1274 infinita,

595 1282 656 1314 Ubi
683 1281 770 1312 Deus
797 1281 912 1313 omnia.

222 1356 300 1382 Orat.
325 1364 376 1382 ms.
397 1358 558 1391 campense
580 1357 649 1382 anni
674 1353 755 1382 1462.
789 1355 860 1381 Cod.
875 1356 1091 1382 Darmstadien.
1113 1353 1178 1382 521.
1199 1369 1235 1374 —a
1257 1352 1283 1386 2,
1305 1354 1323 1381 4
1344 1357 1461 1382 immor-

145 1394 224 1420 talis.
246 1409 283 1413 ·-—
306 1396 363 1421 Das
386 1394 457 1420 Lied
480 1394 557 1428 zeigt
578 1394 755 1420 namentlieh
777 1401 823 1420 am
845 1393 982 1420 Schlusse
1005 1394 1103 1419 star-ke
1125 1393 1364 1429 Entlehuungen.

564 1514 630 1544 209.
673 1514 713 1544 De
734 1515 840 1544 saneto
865 1513 1043 1544 Cuthberto.

317 1606 342 1636 Ο
370 1604 466 1635 decus
497 1604 682 1643 Anglorum‚
711 1603 813 1635 titulis
838 1603 963 1644 pollens
990 1604 1185 1642 meritorum,

317 1651 364 1683 Mi
391 1651 567 1683 Cuthberte
594 1656 697 1691 pater,
725 1650 834 1690 pronis
860 1651 941 1691 pius,
970 1650 1114 1682 hostibus
1142 1660 1229 1686 acer,

319 1699 363 1731 Te
391 1700 467 1730 mihi
495 1699 629 1737 suspiro.
657 1703 687 1728 te
713 1707 780 1738 spe,
808 1707 913 1737 prece,
941 1702 1046 1730 mente
1073 1699 1212 1738 requiro.

319 1746 483 1781 Novimus,
511 1746 593 1776 alter
619 1746 689 1786 erit,
716 1751 770 1777 tua
796 1746 849 1785 qui
875 1746 1025 1785 suffragia
1051 1746 1166 1786 querit,

258 1796 289 1827 5.
315 1794 430 1826 Tristis
457 1795 584 1829 letatur.
612 1794 690 1824 flens
716 1794 811 1832 ridet,
838 1802 996 1834 egensque
1022 1794 1145 1828 beatur.

316 1842 409 1874 Nunc
436 1842 546 1872 hilaris
573 1846 702 1880 maesto,
729 1842 844 1873 misero
871 1842 1038 1873 miserator
1063 1842 1183 1874 adesto.

319 1891 392 1922 Sum
421 1894 560 1921 maestus
587 1890 691 1929 plane,
718 1889 802 1930 quod
830 1890 906 1931 vixi,
934 1888 1015 1927 fugit
1041 1891 1145 1929 inane,

316 1938 411 1977 Fugit
439 1939 532 1974 enim,
561 1937 637 1977 dixi,
667 1937 731 1968 vita
757 1937 801 1968 nil
826 1938 904 1968 utile
930 1937 996 1970 fixi.

315 1988 471 2026 Quantum
498 1986 647 2024 peccavi!
673 1984 752 2016 flens
778 1984 912 2017 crimina
934 1988 1006 2025 post
1031 1985 1157 2017 iteravi.

236 2034 291 2066 10.
318 2036 405 2073 Quae
429 2033 524 2073 bona,
551 2042 631 2072 quae
655 2032 744 2073 liqui,
773 2031 818 2064 nil
845 2033 1021 2064 detestatus
1046 2033 1171 2072 iniqui?

317 2083 342 2113 Ο
370 2090 418 2112 me
444 2081 646 2120 peccantem!
675 2081 781 2119 sprevi
809 2080 973 2119 peccando
999 2084 1172 2121 tonantem,

317 2131 413 2169 Quem
441 2129 586 2168 quotiens
613 2128 731 2168 sprevi,
758 2136 807 2159 me
834 2128 874 2159 de
901 2128 998 2160 caelis
1023 2128 1160 2161 abolevi.

318 2178 443 2209 Exosus
470 2177 566 2218 caelo,
595 2181 710 2214 terrae,
738 2184 794 2207 cur
819 2176 909 2207 vivus
936 2176 1074 2208 anhelo?

321 2226 518 2264 Postponens
546 2224 706 2256 Christum
731 2223 835 2263 delegi
861 2224 972 2256 mortis
997 2224 1158 2264 abyssum,

238 2273 293 2305 15.
322 2273 357 2304 ln
385 2272 529 2304 barathri
556 2271 687 2304 fundum
714 2271 828 2312 mergit
853 2272 956 2304 scelus
983 2281 1074 2304 omne
1100 2271 1306 2311 profundum.

318 2320 459 2359 Horreo,
486 2325 671 2360 peccantem
696 2328 747 2350 me
773 2319 857 2360 dico,
880 2323 971 2352 tanta
995 2324 1188 2362 patrante-m,

317 2367 388 2400 Non
414 2367 484 2399 fero
511 2377 559 2400 me
585 2369 692 2406 talem,
718 2376 768 2399 me
794 2368 992 2408 conspiciens
1018 2368 1198 2403 animalem.
