1651 2680
734 104 964 139 -256—

608 262 669 293 215.
711 264 752 294 De
772 265 882 294 sancta
901 264 1068 296 Dorothea.

199 372 231 404 1.
257 370 437 411 Margarita
460 370 602 410 pretiosa
884 375 916 406 3.
945 373 1110 414 Condigne
1135 372 1341 413 Cappadocia

256 418 299 449 Et
324 419 478 450 virtutum
506 427 642 449 vernans
669 428 740 451 rosa
944 421 1023 453 Cum
1048 420 1128 453 urbe
1154 420 1312 452 Caesarea

304 465 493 497 Senatorum
519 474 643 505 genere,
991 469 1037 500 Te
1062 468 1195 499 sustinet
1220 472 1404 507 martyrem,

257 513 353 545 Pater
378 512 513 551 Dorcas,
541 518 643 544 mater
668 514 766 555 Thea,
945 516 1009 549 Ubi
1035 519 1122 548 tuum
1148 516 1308 547 laceratur

257 561 310 593 Sic
334 564 447 592 vocata
472 560 635 592 Dorothea
947 563 1069 603 Corpus
1094 567 1188 602 atque
1213 565 1394 594 maceratur

305 609 505 648 Congregato
531 609 667 640 nomine.
993 616 1019 643 A
1046 618 1120 650 rege
1145 610 1306 642 Fabricio.

199 725 231 756 2.
259 723 333 754 Tibi
360 731 510 761 sponsum
537 724 661 763 elegisti
889 728 920 757 4.
950 726 984 756 ln
1011 732 1119 756 mense
1143 724 1319 755 Februario

257 771 437 808 Christum,
471 779 530 811 per
555 780 646 810 quem
673 773 816 804 meruisti
947 773 996 803 'l'u
1018 771 1142 804 scribae
1167 771 1345 812 Theophilo

308 819 505 858 Paganorum
532 828 707 861 numerum,
995 819 1100 851 Mittis
1125 819 1209 850 mala
1233 819 1318 861 bina,

261 867 321 897 Tui
347 866 510 905 sanguinis
536 876 673 905 sorores,
948 868 1063 899 Trinas
1089 876 1214 906 quoque
1238 876 1328 898 rosas

258 914 331 946 Non
358 913 512 945 habentes
538 914 659 946 Christi
686 924 799 951 mores
950 915 1141 955 Vernantes,
1169 914 1330 954 speciosas

311 961 465 994 Perdueis
491 962 533 993 ad
558 962 739 994 Dominum.
997 963 1064 995 Sub
1090 962 1194 1001 gratia
1219 962 1338 994 divina.

529 1080 558 1108 5.
585 1077 644 1115 Qui
672 1077 785 1108 videns
809 1077 910 1108 Deum
937 1077 1051 1116 timuit,

584 1125 777 1163 Martyrium
805 1125 953 1156 sustinuit

632 1173 761 1203 Intrans
788 1173 945 1204 caelorum
972 1173 1123 1212 gloriam:

586 1219 679 1251 Nunc
705 1220 829 1250 animae
854 1224 886 1250 et
912 1220 1055 1259 corporis

586 1267 634 1298 Tu
661 1267 762 1298 nostri
788 1267 820 1298 in
848 1267 998 1306 periculis

633 1314 759 1345 Habeto
784 1315 979 1345 memoriam.

259 1418 338 1443 Orat.
361 1425 412 1443 ms.
434 1416 462 1442 S.
484 1417 563 1442 Petri
586 1416 787 1451 Salisburgen.
809 1426 883 1443 saec.
908 1416 950 1443 15.
993 1416 1062 1443 cod.
1084 1416 1193 1442 Petrin.
1215 1424 1232 1442 a
1246 1416 1288 1443 IV
1308 1414 1354 1444 38.
1376 1431 1412 1436 -
1436 1416 1463 1451 3,
1486 1416 1503 1444 5

165 1459 211 1493 ¹et
232 1458 402 1482 maceratur.
425 1469 461 1472 —
483 1454 508 1485 5,
533 1454 542 1480 1
568 1458 595 1480 et
617 1456 721 1481 timuit.
747 1469 782 1473 ——
804 1454 829 1485 5,
852 1453 869 1480 2
890 1455 929 1481 Et
950 1455 1130 1489 martyrium.

593 1621 654 1652 216.
698 1622 738 1652 De
760 1623 871 1652 sancta
894 1622 1088 1654 Elisabetha.

415 1730 440 1762 Ο
467 1730 579 1761 viridis
605 1730 722 1770 palma,
747 1729 898 1762 bonitatis
925 1732 1092 1763 Elisabeth
1118 1733 1212 1774 alma,

415 1778 491 1809 Flos
516 1777 778 1814 Alamannorum,
807 1779 1000 1811 consolatrix
1027 1781 1225 1822 miserorum,

415 1825 535 1856 Hortus
562 1825 747 1866 honestatis,
776 1824 847 1857 fons
873 1828 970 1859 totius
997 1828 1159 1868 bonitatis,

415 1873 463 1904 Ex
489 1873 617 1905 Christo
644 1873 728 1910 data,
757 1874 857 1913 regali
880 1875 980 1914 stirpe
1007 1880 1124 1915 creata,

358 1925 389 1953 ,5.
416 1921 464 1951 Tu
490 1920 599 1951 schola
626 1921 762 1960 virtutis,
789 1923 892 1961 aegris
919 1932 991 1962 spes
1018 1928 1107 1955 certa
1133 1924 1255 1963 salutis,

414 1968 485 1999 Non
512 1967 571 1999 fuit
597 1969 629 1999 in
656 1968 773 1999 mundo
796 1970 969 2008 patientior
994 1972 1053 2003 hoc
1079 1970 1264 2005 furibundo.

415 2016 532 2048 Exstas
555 2016 689 2055 insignis
715 2014 846 2054 meritis,
874 2019 981 2050 multis
1007 2027 1131 2059 quoque
1157 2020 1266 2059 signis,

416 2064 543 2103 Organa
569 2064 625 2094 das
652 2064 743 2103 lucis,
773 2063 938 2097 defunctos
964 2067 1035 2106 ipsa
1063 2067 1201 2100 reducis.

417 2111 563 2143 Herbida
588 2115 622 2143 tu
647 2111 754 2147 tellus.
783 2111 943 2145 Gedeonis
971 2114 1076 2146 nobile
1103 2115 1216 2152 vellus,

337 2161 391 2193 10.
418 2159 557 2191 Hesther
583 2168 653 2190 cum
680 2159 789 2191 Iudith
814 2161 845 2191 in
873 2164 903 2192 te
929 2171 985 2192 sua
1011 2171 1144 2194 munera
1170 2161 1264 2196 fudit.

416 2208 478 2238 Pro
504 2207 594 2239 nobis
620 2217 689 2245 ora,
718 2215 787 2238 cum
813 2210 924 2240 mortis
950 2211 1073 2241 venerit
1096 2209 1185 2248 bora,

418 2255 565 2287 Pandens
591 2255 710 2294 absque
738 2264 827 2286 mora
851 2257 994 2297 paradisi
1021 2266 1120 2298 regna
1146 2258 1273 2292 decora.

264 2360 386 2388 Collect.
407 2368 458 2386 ms.
473 2359 641 2392 Libehardi,
664 2360 772 2395 prioris
787 2359 1016 2387 Reichenbacen.
1039 2361 1109 2388 anni
1134 2359 1215 2388 1476.
1262 2362 1336 2391 Clm.
1350 2364 1506 2394 Monacen.

190 2398 272 2428 2990.
296 2414 331 2418 -
353 2398 370 2425 5
391 2399 542 2425 virtutum.
566 2413 599 2417 —
621 2397 637 2425 7
660 2397 759 2425 multis
779 2397 860 2425 fehlt.
883 2412 919 2416 —-
945 2397 979 2425 12
1000 2406 1081 2426 mora
1104 2398 1184 2425 fehlt.
