1651 2680
726 118 891 153 —331
946 140 988 144 —

194 213 404 280 gunzso-lggn
423 213 486 240 vier
499 212 610 246 Zeilen,
631 213 680 241 die
700 214 962 251 augenscheinlich
982 225 1037 243 nur
1058 217 1123 244 eine
1145 216 1252 244 andere
1267 216 1436 244 Redaktion
1457 225 1516 242 von

231 261 254 280 r.
314 261 362 279 sm
389 261 396 278 :

652 291 754 324 Panis,
774 292 877 318 vinum
898 295 928 319 et
948 301 1025 327 aqua

692 326 723 356 in
743 339 849 365 corpus
870 333 1111 366 transmutantur,

653 367 794 404 Sanguis,
818 368 904 396 homo
925 369 1060 403 adicitur,

693 406 767 434 haec
788 408 852 434 c'ca
871 408 930 435 Dei
950 408 1064 436 dantur.

191 470 224 503 5,
246 469 264 498 5
286 479 441 507 pneuman.
462 487 499 491 -—
520 470 553 505 7,
575 471 593 500 6
614 473 654 499 Et
674 473 755 500 fehlt.
777 487 813 493 —
835 473 862 506 7,
882 472 900 501 8
923 474 983 502 Suo
1005 475 1120 502 sudore.
1142 490 1178 494 —
1199 474 1226 508 8,
1250 474 1263 502 1
1286 476 1347 503 Ena
1368 476 1457 503 Isaia.
1479 490 1513 493 —-

193 507 223 541 8,
245 508 263 536 9
284 510 320 536 In
341 511 421 537 unia.
443 525 479 529 —
501 509 535 544 9,
559 510 575 538 7
597 511 658 538 Vos
680 511 761 539 fehlt.
784 526 821 531 -—
841 511 867 544 9,
892 511 926 540 15
948 513 977 540 ff.
999 513 1140 546 Ovantur,
1163 514 1319 547 laetantur,
1341 514 1514 550 gloriantur,

194 547 424 584 triumphantur.

201 1175 256 1208 10.

200 1416 254 1449 15.

196 1658 252 1690 20.

196 1901 251 1932 25.

192 2143 248 2176 30.

195 2385 253 2419 35.

575 653 638 684 301.
679 653 721 683 De
743 652 906 694 nignitate
927 654 1138 685 sacerdotum.

288 741 492 781 Sacerdotes,
520 752 604 774 nunc
630 743 739 774 audite

285 789 483 829 Dignitatem
510 794 637 822 vestrae
663 792 758 831 vitae,

285 838 396 877 Qualis
423 838 465 869 sit
491 839 541 869 vel
567 843 696 881 quanta,

284 885 356 917 Non
384 890 431 917 est
460 887 536 918 data
562 891 652 919 tanta

250 959 258 967 .
284 934 419 974 Angelis
444 935 477 966 iu

334 983 431 1014 caelis
458 986 490 1014 et
514 983 547 1014 in
573 983 680 1017 terris.

284 1030 495 1062 Sacerdotum
523 1040 634 1063 sacrae
661 1032 787 1071 palmae

284 1079 407 1110 Parant
433 1082 543 1110 natum
570 1079 681 1111 matris
707 1080 810 1111 almae

286 1126 461 1158 Incarnare
487 1127 574 1158 velut
600 1131 712 1167 mater,

283 1175 383 1214 Quem
411 1179 485 1206 ante
511 1179 637 1217 tempus
661 1179 755 1215 pater

284 1222 446 1263 Gignebat
472 1223 690 1265 laudabiliter,

282 1270 377 1302 Licet
402 1271 618 1303 ineffabiliter.

281 1318 353 1350 Hoc
378 1324 490 1351 sancta
516 1324 699 1351 sanctorum

282 1367 327 1398 Et
353 1368 451 1399 decus
477 1368 662 1408 angelorum

282 1414 406 1447 Facere
431 1425 494 1447 non
520 1416 635 1457 potuit,

279 1464 361 1503 Quia
386 1463 474 1495 Deus
500 1464 601 1495 voluit

280 1512 381 1545 Omne
406 1521 532 1543 sacrum

327 1569 398 1592 esse
423 1560 639 1593 sacerdotum.

280 1608 409 1640 Dicitur
434 1609 585 1640 sacerdos

328 1657 420 1697 quasi
444 1666 536 1689 sacer
563 1658 653 1699 dans,

280 1705 371 1737 Dans
397 1715 523 1737 sacrum
550 1706 651 1737 sacris
677 1706 804 1746 palmis.

280 1753 457 1794 Dignitatis
483 1757 531 1785 est
557 1754 711 1786 indicium

279 1801 501 1841 Sacerdotum‚

325 1851 353 1882 si
379 1860 469 1882 suum
495 1849 637 1882 officium

279 1899 447 1940 Peregerit
473 1899 579 1940 digne,

277 1947 368 1980 Tunc
393 1957 413 1980 a
439 1957 614 1988 poenarum
640 1948 713 1988 igne

279 1997 334 2029 Ad
360 1997 464 2028 minus
491 1996 581 2028 ducit

324 2054 420 2077 unam
445 2045 594 2086 animam,

276 2093 365 2132 Quae
390 2097 465 2133 post
490 2093 551 2125 hoc
576 2093 662 2124 lucet

323 2141 356 2172 in
383 2141 504 2173 honore

276 2189 355 2221 Cum
382 2198 440 2221 suo
466 2192 622 2221 creatore.

275 2237 405 2269 Dicitur
426 2246 502 2278 ergo
528 2237 681 2269 sacerdos

323 2285 415 2326 quasi
441 2294 534 2317 sacer
560 2285 636 2323 dux,

276 2333 406 2366 Ducens
421 2334 462 2366 de
475 2333 588 2376 poenis
602 2333 644 2365 ad
654 2333 815 2374 gaudium.

279 2382 364 2422 Quid
389 2382 463 2423 plus
488 2384 654 2423 operatur,

277 2430 381 2463 Missa
406 2431 481 2463 dum
509 2429 716 2462 celebratur?

894 889 950 921 40.

894 1130 950 1160 45.

892 1369 947 1399 50.

893 1610 946 1643 55.

891 1849 946 1882 60.

891 2093 946 2124 65.

894 2334 948 2367 70.

977 745 1030 776 Ad
1056 745 1159 777 minus
1185 745 1342 777 convertit

1026 802 1122 824 unum
1147 798 1351 833 peccatorem

978 841 1032 873 Ad
1057 850 1197 872 amorem

978 889 1033 921 Sui
1060 889 1230 920 salvatoris

977 938 1014 968 In
1042 937 1090 967 his
1117 937 1217 968 sacris
1245 937 1344 968 horis.

977 984 1179 1022 Sacerdotes,
1208 994 1265 1016 cur
1291 985 1407 1015 scitote

976 1032 1065 1063 Nihil
1093 1033 1194 1063 maius
1221 1033 1400 1065 sacerdote.

979 1080 1041 1111 Vos
1068 1081 1208 1111 sacravit
1235 1089 1327 1112 sacra
1357 1080 1430 1111 dote

979 1128 1135 1169 Christus,
1163 1128 1245 1159 illud
1273 1130 1478 1160 mementote.

976 1175 1076 1207 Sacra
1103 1177 1176 1208 dote
1203 1185 1259 1207 vos
1288 1176 1422 1214 dotavit,

976 1224 1073 1256 Petro
1099 1228 1149 1255 ter
1176 1224 1249 1255 dum
1278 1224 1448 1255 clamavit:

979 1273 1076 1304 Pasce
1102 1281 1177 1303 oves
1204 1281 1290 1303 meas

973 1321 1170 1360 Animasque
1196 1320 1284 1351 solve
1309 1330 1391 1351 reas,

974 1368 1137 1407 Quidquid
1158 1368 1267 1405 solvis,
1295 1373 1344 1399 est
1362 1368 1511 1408 solutum,

974 1416 1037 1447 Per
1061 1421 1092 1446 te
1119 1416 1214 1447 datur
1239 1417 1302 1447 iter
1330 1420 1443 1447 tutum.

973 1464 1135 1503 Quidquid
1164 1464 1244 1503 ligas
1272 1467 1319 1494 est
1347 1464 1490 1502 ligatum.

973 1512 999 1543 Ο
1018 1521 1111 1551 quam
1131 1512 1208 1543 felix
1228 1512 1287 1543 hoc
1307 1511 1512 1545 mandatum!

973 1560 1036 1592 Hic
1062 1564 1109 1592 est
1136 1560 1220 1592 filius
1246 1560 1392 1602 ancillae,

977 1608 1075 1640 Sarae
1102 1618 1194 1649 reges
1220 1609 1339 1649 proles

974 1656 1115 1696 Surgunt
1141 1666 1180 1689 ex
1206 1657 1266 1689 hac
1293 1657 1385 1697 prole

972 1705 1110 1736 Multum
1139 1706 1308 1737 nitidiores
1335 1705 1415 1746 sole,

975 1753 1179 1785 Pulchriores
1207 1754 1324 1793 stellis,

974 1802 1113 1840 Quorum
1140 1803 1249 1841 lingua
1279 1800 1370 1833 favus
1397 1801 1513 1841 mellis,

974 1850 1114 1889 Quorum
1142 1850 1241 1882 verba
1270 1853 1343 1881 sunt
1369 1849 1481 1891 polita,

974 1897 1082 1929 Sacris
1108 1899 1278 1938 scripturis
1306 1898 1466 1930 redimita.

974 1946 1135 1978 Dicuntur
1160 1955 1236 1987 ergo
1260 1946 1446 1978 sacerdotes

975 1994 1066 2026 Sacri
1094 1995 1207 2027 dantes
1235 2004 1346 2026 sacras
1373 1995 1474 2028 dotes.

974 2043 1078 2083 Digne
1106 2042 1211 2075 ferunt
1240 2043 1298 2075 hoc
1324 2043 1356 2074 iu
1382 2043 1500 2075 mundo

975 2092 1028 2128 Hi,
1056 2092 1109 2131 qui
1133 2092 1244 2123 vivunt
1262 2091 1359 2123 corde
1381 2092 1510 2131 mundo,

974 2140 1121 2180 Reguant
1148 2149 1246 2180 super
1271 2149 1380 2171 omnes
1408 2149 1510 2180 reges,

973 2189 1079 2228 Supra
1105 2189 1186 2229 iura,
1214 2198 1313 2228 supra
1340 2189 1442 2228 leges,

974 2237 1017 2268 Et
1043 2236 1102 2267 hoc
1128 2236 1161 2268 fit
1191 2237 1230 2268 de
1258 2246 1332 2268 vero
1357 2237 1437 2275 iure,

973 2285 1055 2324 Quia
1081 2285 1142 2316 soli
1169 2285 1285 2317 debent
1313 2293 1393 2325 pure

976 2332 1119 2373 Virginis
1146 2337 1254 2365 uatum
1282 2337 1440 2371 tractare;

975 2381 1047 2412 Non
1073 2384 1245 2420 quaeratur
1271 2382 1365 2422 unde,
1401 2390 1509 2420 quare.

976 2428 1029 2461 Sic
1055 2429 1205 2461 sacerdos
1231 2430 1415 2467 honoretur,
