1651 2680
695 112 954 147 —311-

526 207 560 240 3.
587 207 716 240 Christo
742 219 884 250 paupere
912 211 1037 250 ditaris,

585 257 686 288 Paulo
713 258 800 290 nudo
825 258 994 301 lapidaris,

635 305 807 338 Coronaris
832 307 961 347 laurea3

587 353 693 385 Rabbi
720 355 810 386 Pauli
839 356 1004 395 revelatis,

587 402 705 434 Servas
730 402 811 443 loca,
838 404 990 436 renitaris

635 450 671 481 In
698 450 773 482 aula
799 450 936 484 siderea.

236 552 306 580 eod.
327 554 451 580 Bernen.
474 552 538 581 414.
562 563 628 582 saec
662 553 706 582 13.
727 555 794 583 add.
816 565 891 583 saec.
916 556 960 583 13.
982 573 1018 576 —
1044 556 1067 590 1,
1089 556 1107 584 2
1129 567 1180 592 pro
1201 559 1295 585 cuius.

518 734 583 765 287.
626 734 667 765 De
690 743 713 765 s.
736 735 851 766 'rhama
874 737 1119 769 Lancastriensi.

529 834 652 873 Gaude,
680 835 813 869 Thoma.
842 836 956 867 ducum
985 838 1092 875 decus.

574 883 707 915 lucerna
732 883 951 922 Lancastriae,

527 931 587 969 Qui
613 940 672 971 per
696 940 807 963 necem
833 933 970 964 imitaris

575 979 729 1010 Thomam
756 981 960 1020 Cantuariae,

528 1027 624 1060 Cuius
651 1031 747 1066 caput
773 1029 980 1061 conculcatur

574 1084 684 1115 pacem
711 1075 751 1107 ob
778 1076 943 1114 ecclesiae,

526 1126 633 1162 Atque
660 1128 748 1155 tunm
777 1124 987 1156 detruncatur

575 1181 670 1203 causa
696 1172 786 1211 pacis
812 1173 960 1212 Angliae,

523 1220 604 1251 Esto
629 1220 721 1251 nobis
748 1220 820 1259 pius
845 1224 932 1252 tutor

572 1268 604 1299 in
631 1269 716 1300 omni
744 1268 938 1301 discrimine.

224 1371 295 1398 Cod.
318 1371 482 1399 Londiuen.
505 1373 576 1408 Reg.
602 1371 636 1399 12
660 1374 682 1399 C
706 1374 772 1400 ΧΠ.
795 1388 830 1391 -—
854 1374 1005 1400 Abschrift
1026 1382 1083 1399 von
1107 1374 1176 1400 Rev.
1199 1375 1471 1402 H.M.ssan11ister.

443 1543 510 1573 288.
551 1543 593 1574 De
618 1552 657 1574 ss.
680 1543 809 1582 Thyrso.
832 1544 985 1575 Palmatio
1007 1546 1039 1575 et
1060 1543 1166 1575 Sociis.

160 1642 193 1675 1.
220 1641 246 1674 O
271 1642 411 1674 athletae
437 1643 669 1681 Thebaeorum,
852 1647 884 1678 3.
913 1645 938 1676 Ο
965 1645 1114 1682 Palmati,
1141 1653 1159 1674 o
1186 1645 1343 1684 Maxenti,

221 1690 247 1722 Ο
274 1699 330 1722 vos
356 1691 442 1722 cives
468 1691 686 1732 Trevirorum,
912 1693 1027 1724 Nullus
1053 1694 1149 1724 timor
1175 1691 1233 1724 fuit
1261 1694 1369 1734 menti⁷

220 1739 367 1778 Corpora
393 1739 561 1778 quiescunt
585 1749 717 1779 quorum
912 1741 1022 1772 Firmo
1050 1742 1158 1778 corde,
1186 1751 1248 1772 non
1275 1742 1406 1780 paventi

268 1787 306 1818 In
333 1786 394 1817 hoc
419 1791 545 1819 sacrato
570 1787 649 1829 solo,
959 1789 1052 1821 Datis
1079 1789 1162 1821 colla
1189 1789 1338 1822 candida.

219 1835 285 1866 Vos
311 1835 426 1875 saluto,
455 1844 510 1866 vos
537 1836 696 1873 collaudo,
911 1838 1110 1877 Alexander,
1137 1838 1354 1877 progrederis,

218 1883 312 1915 Mille
336 1882 503 1923 miliesque
527 1884 657 1924 plaudo,
910 1886 1001 1917 Mitis
1029 1885 1187 1926 Leander,
1216 1886 1370 1925 sequeris,

218 1934 282 1965 Cor
300 1934 332 1962 et
345 1935 483 1962 mentem
496 1932 559 1964 iarn
574 1941 637 1964 nou
651 1933 777 1973 claudo,
912 1938 997 1973 Quos
1024 1944 1097 1973 non,
1127 1934 1260 1973 Iustine,
1289 1935 1422 1976 deseris,

262 1980 386 2012 Audite
411 1989 462 2011 me
488 1980 529 2012 de
553 1981 638 2021 polo.
957 1983 1050 2014 Mens
1077 1991 1147 2014 cum
1166 1991 1228 2013 non
1247 1983 1289 2013 sit
1305 1983 1471 2021 languida.

156 2087 190 2120 2.
218 2086 325 2126 Felix,
352 2086 440 2118 Deus
465 2095 558 2126 quem
584 2088 721 2127 vocavit,
851 2091 884 2123 4,
912 2089 993 2126 Ach‚
1022 2088 1145 2128 Papyri
1172 2097 1241 2119 cum
1267 2089 1454 2131 Hormisda‚

217 2134 285 2167 Sua
310 2133 376 2166 fide
402 2134 580 2167 illustravit
912 2137 1031 2179 Fortis,
1059 2138 1208 2178 Faustus,
1236 2137 1393 2176 agonista,

215 2182 332 2215 Robur
356 2183 472 2214 mentis
501 2188 534 2214 et
559 2184 691 2216 donavit
911 2186 1029 2217 Sancta
1055 2195 1074 2217 a
1099 2185 1262 2225 palaestra
1287 2186 1349 2217 ista

264 2231 414 2263 Acerbae
440 2232 551 2263 mortis
577 2233 674 2265 hora!
960 2233 1057 2265 Haud
1083 2236 1186 2264 metus
1213 2237 1244 2265 te
1271 2233 1404 2274 fugavit.

214 2279 320 2320 Tyrse
345 2280 508 2320 princeps,
537 2281 720 2323 decollat-is⁷
911 2283 1008 2314 Sacer
1033 2282 1125 2313 miles
1152 2281 1293 2322 Ioviane,

213 2327 368 2372 Bonifati,
396 2328 540 2366 sociaris,
907 2331 956 2363 Tu
983 2329 1182 2362 constantiae
1208 2340 1302 2370 quam
1329 2341 1435 2369 sanae,

214 2376 271 2409 Pie
297 2376 402 2417 Soter,
428 2377 605 2417 applicaris
907 2379 1006 2411 Ducis
1034 2379 1151 2410 bonum
1178 2384 1208 2410 et
1235 2388 1342 2418 suave,

262 2424 430 2458 Constanti
457 2425 526 2458 sine
551 2436 651 2462 mora,
953 2428 1044 2468 Quod
1071 2436 1156 2460 mors
1183 2431 1214 2458 te
1245 2429 1466 2468 triumphavit,
