1651 2680
679 61 940 97 —328—

518 162 571 193 123.
599 159 740 192 Mundus
765 159 826 190 iste

599 207 740 247 Transit,
768 206 906 249 Christe,

649 256 773 294 Manes,
800 258 914 286 cuncta
940 253 1050 296 donas,

600 303 758 335 Miserere

600 351 659 392 Tu,
688 350 741 390 qui
766 357 842 381 vere

648 398 776 431 Iudicas
802 405 956 437 personas

648 447 778 488 Pravas,
806 446 924 484 bonas;

649 495 768 526 Tecum
794 502 894 533 ponas

521 583 574 613 14.
601 580 668 612 Nos
694 579 728 611 in
754 587 851 620 regno
877 578 1008 618 gloriae,

600 628 669 666 Qua
695 636 808 667 regnas
834 627 921 666 regie

601 677 638 707 In
664 679 796 707 aeterna
821 674 940 714 requie,

602 724 667 756 Ubi
694 723 738 754 nil
763 723 922 756 miseriae,

520 811 574 842 15.
602 809 711 841 Omnis
737 807 880 847 exspirat
906 807 999 839 dolor

649 856 692 887 Et
717 865 795 887 onus
821 856 984 893 malorum,

601 904 788 943 Memorato,
814 903 884 942 quis
910 903 1011 934 honor

649 951 699 984 Sit
722 959 855 990 regnum
881 951 1051 983 caelorum.

521 1039 577 1070 16.
604 1037 629 1069 O
655 1036 772 1077 Maria,
798 1035 955 1075 virginum

652 1085 760 1124 Virgo,
786 1083 844 1115 flos
870 1087 902 1114 et
925 1083 1049 1123 florum,

605 1132 701 1164 placa
727 1130 818 1162 nobis
845 1131 1012 1162 Dominum

652 1180 776 1211 Memor
801 1179 999 1219 miserorum,

605 1227 650 1259 Ut
676 1226 820 1258 vivamus
846 1227 984 1257 omnium

653 1274 729 1306 Cum
754 1278 843 1305 coetu
869 1277 1062 1305 sanctorum.

509 1360 578 1392 '17.
606 1360 676 1391 Hoc
701 1364 840 1400 praesta,

603 1407 690 1438 Deus
716 1407 767 1449 da,

650 1455 720 1487 Rex
745 1455 850 1486 trinus
876 1458 906 1486 et
930 1463 1022 1495 unus,

604 1503 649 1535 Ut
675 1506 785 1534 nostra

607 1550 660 1581 Sic
685 1555 772 1582 terra

652 1597 762 1637 Ferat,
788 1602 823 1629 ut
847 1597 888 1628 sit
914 1602 986 1629 tuus

653 1646 770 1677 Noster
796 1645 919 1677 fructus

649 1694 693 1725 Et
718 1702 876 1733 congruus

701 1740 749 1772 Sit
775 1741 942 1773 terminus.

232 1817 354 1844 Collect.
384 1826 436 1843 ms.
467 1817 660 1844 Vcdastinum
691 1825 766 1843 saec.
798 1815 842 1844 13.
892 1817 963 1845 Cod.
994 1817 1151 1845 Cadomen.
1183 1816 1227 1845 14.
1255 1816 1330 1851 (1V0
1360 1818 1416 1851 18).
1442 1834 1475 1840 —

157 1854 209 1887 31),
233 1855 246 1882 1
263 1856 303 1882 Si.
318 1869 353 1874 ——
369 1854 426 1888 4b,
452 1854 463 1882 1
481 1856 615 1883 Gratuite
629 1857 750 1891 respice.
765 1869 802 1874 —
818 1854 870 1887 5a,
891 1854 909 1883 3
924 1857 1004 1883 Deus
1019 1856 1105 1884 homo
1121 1857 1197 1884 steht
1212 1856 1309 1885 hinter
1323 1855 1375 1890 ba,
1397 1857 1423 1886 5.
1437 1874 1476 1879 -—

157 1893 214 1923 5111,
241 1893 259 1920 4
281 1894 436 1921 Christum.
458 1907 494 1912 —-
516 1892 574 1926 71),
597 1892 614 1920 2
635 1895 701 1921 Non
721 1894 829 1921 evides.
849 1909 887 1912 —
909 1893 984 1925 10a,
1009 1893 1026 1921 5
1047 1895 1084 1922 Ni
1106 1903 1168 1922 vas.
1191 1909 1227 1915 ‚-
1248 1896 1283 1922 Iu
1304 1896 1476 1926 Chevaliers

156 1933 359 1968 Repertorium
381 1933 424 1958 als
438 1932 615 1959 Marienlied
636 1933 810 1969 aufgefiihrt.
846 1933 911 1960 Von
932 1933 1101 1961 demselben
1115 1934 1267 1961 Verfasser
1281 1935 1383 1964 weiter
1397 1937 1473 1964 oben

157 1971 209 1997 das
231 1971 318 1998 Lied:
341 1970 437 1998 Area
464 1980 570 1998 rosea
598 1972 719 1998 vinea.
759 1971 825 2007 Vgl.
846 1971 899 1998 das
920 1971 986 1999 dort
1006 1972 1171 2000 Bemerkte.

602 2083 669 2113 298.
710 2082 818 2114 Oratio
839 2082 879 2113 ad
900 2083 1020 2114 Cenam.

385 2161 559 2194 Mellifluus
587 2163 675 2194 Iesus
701 2163 745 2194 sit
769 2163 863 2194 nobis
890 2168 984 2203 potus
1010 2168 1042 2198 et
1067 2174 1149 2199 esuS.

386 2209 486 2242 Escas
512 2215 698 2250 praesentes
723 2210 867 2253 benedic,
894 2211 990 2253 Deus,
1018 2216 1050 2244 et
1075 2214 1289 2251 comedentes,

387 2258 499 2289 Potum
524 2267 687 2290 servorum
713 2257 859 2300 benedic,
887 2259 974 2291 Deus
999 2261 1092 2299 alme,
1120 2264 1256 2295 tuorum.

386 2306 448 2337 Per
474 2305 578 2337 Iesum
603 2305 764 2338 Christum
789 2306 895 2338 cibum
919 2307 1139 2340 benedicimus
1162 2309 1271 2352 istum,

386 2353 427 2384 Et
453 2353 608 2393 reliquum
634 2362 746 2385 munus
772 2353 941 2387 benedicat
967 2355 1073 2388 trinus
1097 2360 1130 2388 et
1153 2366 1246 2390 unus.
