1651 2680
686 107 947 142 —185—

591 266 653 298 lii).
695 267 736 298 De
758 267 859 299 Beata
879 269 979 300 Maria
1002 270 1036 301 V.

568 346 706 382 (Figurae
727 349 836 375 veteris
857 348 1059 382 Testamenti.)

211 465 218 473 .
247 440 370 480 Gaude,
398 443 487 481 virgo
513 442 698 481 laudabilis,

246 488 370 529 Gaude,
396 494 500 520 mater
525 491 694 529 mirabiliS,

293 536 370 568 Nati
396 545 455 577 per
481 539 626 579 exordia,

245 584 306 616 Dei
332 589 436 616 mater
461 589 491 616 et
518 585 598 627 filia,

246 632 313 673 Ipsi
339 642 397 664 nos
423 634 596 666 reconcilia

294 680 502 721 Impetrando
528 682 655 722 gaudia.

210 810 217 817 .
245 784 369 825 Gaude,
396 791 500 817 mater
526 787 703 826 virginaliS,

244 832 368 874 Gaude,
397 835 486 873 virgo
513 835 728 875 triumphalis,

294 882 358 914 Per
383 882 443 913 Dei
470 883 656 925 potentiam,

244 929 333 961 Inter
357 935 476 963 matres
503 931 592 962 nulla
617 930 702 971 talis,

243 976 328 1009 Nato
355 978 637 1010 consubstantialis

290 1026 352 1057 Per
377 1026 484 1057 carnis
512 1027 689 1058 materiam.

209 1155 217 1162 .
243 1131 319 1162 Post
346 1139 434 1162 esum
461 1132 547 1171 pomi
574 1131 675 1171 vetiti,

239 1179 269 1210 A
295 1188 413 1218 sponsa
439 1189 556 1219 sponso
582 1179 693 1211 traditi

288 1226 453 1266 Serpentis
477 1228 605 1268 astutia,

241 1275 319 1306 Post
344 1275 494 1307 collatam
522 1276 681 1307 miseriam

238 1322 390 1354 Traheris
416 1324 448 1354 in
476 1324 659 1355 memoriam

288 1371 473 1403 Praemunis
499 1372 631 1403 malitia.

205 1501 211 1507 .
238 1476 405 1508 Praedixit
432 1477 519 1509 Deus
545 1478 645 1509 veteri

239 1524 390 1564 Serpenti
417 1530 512 1566 caput
540 1526 661 1557 conteri

286 1573 439 1605 Muliebri
467 1574 590 1615 capite3

239 1621 288 1654 Tu
315 1628 409 1662 eaput
436 1631 470 1654 es
496 1621 679 1661 femineum,

238 1669 436 1702 Concalcans
463 1671 627 1710 vipereum

284 1719 479 1759 Paupertate
507 1719 617 1751 divite.

202 1851 208 1857 .
237 1823 370 1864 Sponsis
383 1834 516 1865 serpens
525 1829 657 1856 mortem
670 1826 775 1864 parat,

234 1873 352 1905 Frater
375 1872 485 1905 fratris
513 1878 609 1912 caput
635 1876 705 1904 arat

286 1922 424 1953 Vulnere
450 1921 597 1962 letifer0;

233 1969 417 2002 Fratricida
441 1969 477 2002 fit
500 1970 650 2009 Iudaeus,

232 2015 311 2049 Cum
337 2022 472 2050 mortem
490 2028 605 2058 passus
623 2020 670 2048 est
691 2016 777 2048 Deus

278 2067 382 2105 Ligno
409 2066 588 2099 salutifero.

197 2198 204 2206 .
231 2173 281 2205 De
307 2173 424 2206 lumbis
450 2173 543 2205 Adae
570 2172 735 2212 prodiens,

230 2221 283 2253 Ab
309 2230 404 2253 arcae
430 2222 579 2253 claustris
606 2221 715 2252 exiens

279 2269 506 2302 Successorum
532 2269 685 2310 germine,

231 2318 357 2351 collata
382 2317 566 2350 benedictio

230 2367 300 2399 Tua
324 2366 551 2406 multiplicatio

279 2415 317 2447 In
343 2419 527 2447 sanctorum
553 2414 690 2455 agmine.

883 445 913 478 7.

852 1478 906 1510 10.

851 1825 905 1856 11.

852 2173 906 2206 12.

941 445 1086 485 Dumque
1113 444 1214 483 patris
1238 444 1323 475 nuda
1350 443 1438 475 videt

940 493 1037 525 Cham
1064 493 1224 532 pudenda,
1254 492 1334 522 male
1361 491 1446 523 ridet

987 540 1055 573 Sibi
1083 541 1161 572 dans
1187 539 1405 580 opprobrium,

940 588 1132 620 Deridentes
1158 586 1243 618 facta
1268 588 1327 619 Dei

941 636 1091 668 Crucifixi
1119 636 1164 666 sic
1193 635 1300 667 ludaei

987 684 1056 716 Sibi
1084 685 1159 715 (lant
1187 684 1327 716 exitium.

942 789 977 820 In
1007 788 1070 820 filio
1097 789 1282 822 iucundam,

942 836 1101 868 Promisso
1128 837 1193 868 filio
1220 837 1325 868 Thare

989 885 1184 916 Procedente
1210 890 1363 924 tempore,

939 932 1018 963 Tres
1044 934 1157 965 videns
1183 942 1277 963 unum
1306 933 1448 972 honorat,

938 980 1033 1013 Cibos
1058 981 1148 1020 ponit
1174 984 1203 1011 et
1234 981 1348 1012 adorat

986 1028 1021 1059 In
1047 1031 1209 1068 prostrato
1236 1037 1380 1068 corpore.

902 1156 908 1162 .
936 1133 1042 1164 Theos
1068 1133 1219 1164 Abrahae
1244 1134 1290 1164 sie
1317 1134 1437 1165 dicam:

936 1181 1134 1212 Benedicens
1161 1181 1347 1213 benedicam

984 1229 1018 1259 In
1047 1229 1121 1260 data
1148 1230 1309 1269 progenie,

936 1277 1018 1308 Nam
1044 1276 1143 1308 filium
1170 1277 1267 1308 Sarae
1295 1278 1389 1319 dabo,

935 1325 1050 1356 Ismuel
1076 1325 1296 1364 multiplicabo

983 1374 1123 1404 Numero
1151 1372 1300 1405 familiae.

935 1478 1092 1510 Sacerdos
1119 1488 1259 1518 magnus,
1288 1489 1343 1510 rex
1366 1479 1471 1511 Salem

934 1526 1018 1564 Vini,
1045 1528 1137 1566 panis
1164 1527 1375 1558 immortalem

983 1575 1092 1606 Placat
1120 1575 1297 1615 sacrifici03

935 1622 989 1654 Sic
1015 1633 1109 1655 verus
1135 1624 1285 1655 sacerdos
1312 1625 1406 1655 fratri

933 1671 1086 1703 Misertus
1114 1671 1230 1703 obtulit
1256 1673 1341 1711 patri

982 1719 1022 1751 Se
1049 1720 1152 1751 crucis
1179 1720 1348 1759 supplicio,

934 1825 982 1856 Tu
1007 1834 1039 1856 es
1065 1826 1146 1857 odor
1171 1827 1240 1867 agri
1267 1827 1363 1865 pleni,

933 1873 981 1904 De
1007 1883 1069 1913 quo
1094 1874 1247 1905 memoria
1272 1875 1339 1905 seni

981 1921 1134 1961 Caligatis
1159 1922 1270 1963 oculis,

935 1970 1132 2001 Postremum
1160 1969 1362 2002 benedicenti

936 2018 1046 2050 Placet
1072 2018 1140 2050 Deo
1167 2022 1199 2048 et
1224 2020 1351 2058 parenti

984 2066 1099 2106 Fitque
1127 2070 1234 2097 notum
1261 2068 1407 2101 saeculis

936 2172 1059 2205 Videns
1086 2173 1187 2204 Deum
1214 2174 1310 2205 Iacob
1337 2175 1450 2213 luctat,

933 2220 1126 2252 Benedictus
1152 2221 1198 2252 sic
1224 2226 1365 2255 eructat:

982 2269 1057 2301 Vidi
1082 2269 1183 2301 Deum
1211 2269 1310 2309 facie;

933 2317 1038 2349 Datur
1064 2326 1187 2357 nomen,
1215 2319 1300 2350 salus
1329 2320 1425 2353 datur

932 2366 973 2398 Et
1000 2366 1164 2398 nobiscum
1191 2367 1368 2400 minoratur

980 2415 1016 2446 In
1043 2415 1182 2448 humana
1207 2416 1323 2456 specie.
