1651 2680
253 390 306 422 10.

254 631 307 663 15.

254 871 310 903 20.

254 1111 310 1142 25.

256 1350 312 1382 30.

258 1593 313 1624 35.

254 1833 309 1865 40.

252 2318 308 2350 50.

667 104 930 139 -105—

332 197 472 230 Vulnera
497 208 554 230 nos
579 200 709 239 satiant,
737 200 852 240 quibus
878 204 910 232 et
934 200 1128 232 charismata
1153 205 1294 241 manant,

332 245 399 278 Nos
425 246 547 278 Christi
572 248 702 287 sanguis
728 248 871 287 mundat,
899 257 962 288 quo
989 249 1129 280 vincitur
1155 249 1276 288 anguis

331 293 439 325 Morte
463 294 559 326 datur
584 295 651 326 vita
675 304 771 336 super
796 296 902 327 omnia
929 295 1012 328 dona
1039 297 1160 338 cupita,

333 341 419 373 Crux
445 341 529 373 vitae
555 343 655 374 clavis
681 347 712 374 et
738 343 848 375 odoris
874 344 970 383 plena
995 345 1114 384 suavis,

332 389 445 421 Passio
471 389 582 422 divina
607 391 796 422 mortalibus
823 395 871 422 est
896 392 1066 424 medicina.

331 437 422 469 Haec
448 441 523 469 sunt
548 447 624 470 vera
649 438 743 477 bona,
771 439 901 470 nimium
927 439 1112 471 dulcissima
1143 440 1236 471 dona.

334 485 396 517 Vos
423 494 548 525 precor,
577 495 595 517 ο
622 485 749 528 fratres,
776 487 808 518 in
835 487 986 518 cordibus
1014 488 1073 519 hoc
1099 488 1247 523 teneatis.

332 533 404 565 Hoc
429 539 562 573 pensate
588 534 653 571 diu,
681 535 849 574 vigilantes
876 535 936 566 hoc
961 535 1141 571 studeatis,

333 582 422 612 Istud
451 581 543 613 dulce
570 582 663 613 nimis
689 582 827 613 studium
854 591 910 614 cor
935 583 1020 614 tollit
1047 583 1086 614 ab
1113 583 1195 614 imis.

334 630 486 662 Fratrum
512 634 692 662 nostrorum
717 630 858 662 studium
886 630 978 662 decet
1004 640 1073 662 esse
1100 631 1260 662 Minorum

333 678 368 709 In
397 686 490 709 cruce
517 678 700 718 praecipue,
727 678 871 709 crucifixi
898 679 1061 718 sanguine,
1090 683 1200 715 morte,

335 727 371 757 ln
398 726 512 765 quibus
538 730 587 757 est
613 727 736 758 animae
762 727 901 758 iucunda
927 726 1060 758 refectio
1087 731 1215 758 sanctae

333 774 375 805 Et
402 775 454 806 via
480 774 617 815 virtutis,
645 783 720 814 spes
748 778 858 806 nostra
885 779 973 807 certa
999 775 1119 806 salutis.

335 821 421 854 Crux
446 822 616 854 salvatoris
642 827 690 853 est
716 822 841 854 Fratris
868 823 934 854 vita
960 823 1107 862 Minoris,

337 870 426 901 Intus
452 870 558 910 plena,
583 869 662 902 foris
689 871 819 902 nimium
847 871 994 902 caelestis
1020 881 1136 902 amoris

334 918 401 948 Ista
426 918 492 949 suis
518 918 595 949 loris
621 918 757 950 hominis
785 919 849 950 dux
876 920 1048 957 interioris,

335 966 456 1005 Regula
483 965 518 997 fit
544 966 653 1004 moris,
688 967 806 1008 operis,
836 968 990 998 sermonis
1017 973 1046 998 et
1075 968 1149 998 oris.

335 1013 398 1045 Hic
423 1017 472 1044 est
497 1014 577 1045 ordo
604 1015 721 1055 crucis,
749 1015 802 1054 qui
831 1015 919 1046 ducit
945 1015 985 1046 ad
1013 1016 1096 1046 atria
1122 1015 1211 1052 lucis,

335 1062 393 1100 Qui
420 1062 502 1101 regit
527 1066 558 1092 et
584 1066 702 1099 servat,
729 1062 866 1094 Domino
893 1064 961 1094 sine
988 1062 1049 1094 tine
1075 1063 1238 1102 gubernat.

338 1110 375 1141 In
403 1118 496 1141 cruce
522 1108 674 1141 fundatus
701 1115 810 1142 noster
836 1110 895 1142 fuit
920 1111 999 1142 ordo
1024 1111 1145 1145 beatus,

336 1159 372 1190 In
399 1166 492 1188 eruce
519 1157 664 1197 fulgebit.
695 1158 837 1198 perfecte
864 1159 937 1190 dum
965 1159 1151 1192 remanebit.

336 1205 455 1237 Noster
480 1206 684 1245 Franciscus,
714 1206 858 1238 crucifixi
886 1207 988 1238 dulcis
1014 1208 1144 1241 amicus,

336 1254 372 1285 In
399 1262 491 1284 cruce
517 1263 551 1285 se
577 1254 656 1296 fixit,
684 1255 817 1294 studuit,
846 1256 921 1286 dum
949 1264 1083 1295 corpore
1110 1255 1212 1294 vixit,

336 1303 372 1334 In
400 1311 493 1333 cruce
518 1304 685 1342 pugnavit,
713 1303 858 1334 inimicos
886 1303 959 1334 dum
987 1304 1162 1343 superavit,

339 1350 461 1389 Corpus
487 1351 672 1392 prostravit,
702 1360 796 1382 cruce
822 1352 973 1382 mundum
999 1352 1230 1391 suppeditavit,

339 1399 413 1430 Rite
441 1398 610 1434 laboravit,
637 1400 786 1438 quoniam
813 1409 909 1439 super
934 1400 993 1431 hoc
1021 1400 1175 1439 vigilavit.

340 1446 466 1485 Frater,
496 1447 568 1478 dum
597 1448 689 1489 vivis,
718 1447 903 1478 crucifixum
929 1457 1056 1487 semper
1084 1448 1214 1485 honora,

338 1495 374 1526 In
402 1503 495 1526 cruce
521 1495 705 1526 vulneribus
731 1496 872 1535 studeas,
899 1496 1085 1527 meditando
1111 1496 1232 1535 labora,

337 1543 449 1582 Qualia
473 1543 515 1574 sit
540 1552 663 1584 passus,
691 1552 811 1575 memor
837 1547 904 1575 esto
930 1544 1071 1583 qualibet
1100 1545 1188 1578 hora,

339 1592 397 1630 Qui
424 1591 508 1622 mala
533 1592 684 1622 sustinuit
711 1601 769 1631 pro
796 1596 827 1622 te
854 1593 982 1623 nimium
1010 1592 1168 1632 graviora,

338 1639 437 1678 Quam
465 1640 538 1677 sint,
565 1649 646 1679 quae
673 1640 805 1679 pateris,
832 1645 865 1672 et
890 1641 983 1680 longe
1011 1641 1181 1673 deteriora.

337 1687 426 1718 Tunc
452 1687 611 1727 patienter
637 1688 715 1728 agis.
743 1688 770 1719 si
800 1688 920 1720 Christi
947 1689 1110 1729 sanguine,
1139 1688 1241 1728 plagis

336 1736 399 1769 Cor
425 1735 483 1766 tibi
510 1736 632 1767 munire
659 1736 800 1776 studeas,
827 1737 1003 1768 accendere
1030 1737 1117 1768 mire.

337 1783 385 1815 Sit
410 1784 469 1815 tibi
497 1784 661 1824 plagarum
690 1785 830 1816 studium
857 1794 954 1824 super
980 1786 1085 1816 omnia
1112 1793 1231 1817 carum.

336 1832 379 1864 Et
406 1833 509 1864 crucis
536 1838 566 1863 et
593 1833 705 1863 mortis
730 1833 787 1864 tibi
814 1834 855 1864 sit
882 1833 1047 1864 meditatio
1075 1832 1177 1865 fortis

339 1881 449 1913 Passio
475 1890 530 1912 cor
555 1886 685 1922 pungat,
713 1882 858 1921 aspersio
883 1882 1045 1921 sanguinis
1070 1887 1178 1920 ungat,

335 1929 396 1960 His
423 1929 593 1961 delecteris
620 1934 650 1960 ct
677 1930 820 1969 gaudens
847 1930 925 1961 haec
950 1930 1125 1962 mediteris.

336 1977 448 2009 Nitere
474 1982 508 2010 tu
535 1978 575 2009 de
602 1983 703 2009 morte
732 1979 805 2010 Iesu
832 1981 962 2017 portare
990 1978 1144 2017 dolorem,

335 2027 373 2058 In
400 2035 492 2058 cruce
517 2029 630 2066 gaude,
660 2025 789 2058 fortiter
814 2027 897 2058 aude
924 2025 1009 2057 ferre
1035 2025 1186 2065 laborem,

303 2101 310 2107 .
338 2074 387 2106 Tu
413 2074 557 2106 crucifixi
583 2075 737 2114 sanguine
763 2074 885 2108 Christi
912 2074 1136 2105 mundificatus

333 2123 400 2154 Ista
429 2123 584 2163 sequaris,
612 2131 652 2153 ne
679 2124 820 2154 verearis
847 2122 923 2153 fiere
951 2126 1069 2154 reatus.

332 2171 495 2203 Eximium
521 2171 625 2202 crucis
655 2171 713 2202 boc
739 2171 880 2203 studium
907 2170 964 2202 flos
992 2174 1039 2201 est
1068 2170 1256 2211 studiorum,

334 2220 425 2260 Quod
452 2220 570 2259 valide,
597 2218 721 2259 sapide,
749 2219 868 2260 cupide
895 2228 950 2250 eor
975 2219 1078 2258 pascit
1106 2227 1226 2256 eorum,

334 2268 392 2308 Qui
420 2268 564 2308 cupiunt,
591 2267 712 2309 sitiunt,
742 2267 873 2299 veniunt
899 2267 940 2299 ad
967 2276 1065 2307 regna
1091 2267 1247 2307 polorum.

335 2316 361 2348 O
388 2317 442 2357 mi,
468 2316 651 2356 Francisce,
679 2320 772 2355 pater
796 2316 917 2354 inclite,
946 2316 1009 2346 dux
1037 2314 1199 2357 crucifixe,

332 2365 378 2396 Te
403 2373 519 2405 precor
545 2364 675 2405 obnixe,
702 2364 779 2395 mihi
806 2364 896 2396 cordi
923 2364 1074 2404 stigmata
1101 2364 1209 2404 misce,

332 2415 368 2446 In
396 2422 490 2446 cruce
517 2412 654 2452 fervere,
682 2410 733 2444 fac
756 2421 806 2444 me
833 2421 888 2444 eor
913 2421 1040 2452 semper
1067 2411 1195 2446 habere.
