1651 2680
172 172 204 204 3,
232 170 314 202 Vera
341 169 409 200 veri
435 168 570 206 bonitas,

273 218 341 249 sine
370 226 433 257 quo
457 216 503 248 nil
529 217 655 258 bonum,

225 266 253 296 A
281 273 343 304 quo
388 268 496 296 manat
519 264 612 296 unice

273 260 390 355 omnisfl
419 312 503 344 vitae
530 312 655 348 donum,

227 359 374 391 Paradisi
403 358 525 391 feceras

273 407 431 439 hominem
459 407 616 448 colonum,

224 455 318 487 Nunc
343 458 431 486 tuum
457 455 489 486 in
514 455 654 486 tenebris

274 503 399 542 plasma
425 504 508 534 iacet
533 512 677 542 pronum.

163 640 196 668 4.
224 636 271 667 Tu
298 635 345 667 illi
372 639 595 667 construxeras

273 688 491 715 ornamentum
519 683 595 723 poli,

222 731 303 770 Quid
326 731 451 771 mirum,
477 731 560 770 quod
586 731 667 763 adeo

271 780 402 811 valuere
428 779 514 819 doli,

226 826 364 866 Serpens
389 831 484 866 atque
512 826 628 858 femina

275 883 411 906 nocuere
437 874 507 913 soli,

223 921 294 953 Non
321 923 419 953 intres
446 922 609 961 iudicium,

271 969 482 1002 condemnare
509 969 581 1001 noli.

162 1105 194 1136 5.
221 1102 429 1142 Respondeas
456 1103 576 1134 iustitia

272 1150 352 1182 dixit
379 1151 508 1189 pietati:

223 1197 335 1229 Nescis
362 1199 573 1229 reverentiam

269 1245 353 1276 ferre
379 1246 547 1284 maiestati,

222 1293 390 1324 Retractas
416 1293 567 1324 iudicium

268 1340 403 1372 hom‘mis
430 1341 583 1378 damnati,

219 1388 333 1420 Fixum
360 1393 407 1418 est
433 1388 679 1427 chirographum

267 1436 345 1467 iuris
371 1436 588 1467 consummati.

164 1566 198 1597 6.
224 1564 273 1595 De
298 1565 410 1596 throno
437 1565 555 1596 iudicia

270 1612 428 1653 prodeunt
454 1613 592 1651 immota,

218 1659 328 1691 Omnis
354 1660 549 1691 mutabilitas

272 1707 379 1747 prodit
406 1708 478 1738 hinc
505 1712 635 1749 remota,

224 1755 298 1786 Veri
324 1755 402 1786 iuris
429 1755 510 1787 ratio

268 1813 332 1835 non
358 1808 405 1833 est
429 1803 489 1834 tibi
513 1808 599 1845 nota,

226 1851 306 1890 Quid
333 1854 488 1882 retractas
513 1852 625 1890 iurgia,

270 1907 349 1938 quae
376 1899 523 1937 probavit
543 1898 637 1930 rota?

190 2052 197 2060 .
224 2027 292 2059 Nec
317 2028 483 2066 respondit
509 2029 612 2068 pietas

271 2085 331 2113 ‚nec
359 2075 423 2106 vult
452 2075 625 2118 disputare,

227 2121 290 2154 Sed
317 2122 456 2162 profusis
482 2123 622 2155 lacrimis

276 2180 336 2202 non
364 2175 466 2203 cessat
493 2180 597 2211 orare,

221 2218 293 2251 Deo
319 2227 445 2250 carmen
472 2219 608 2260 intimat,

273 2266 332 2297 sibi
357 2271 447 2305 rogat
474 2267 560 2309 dare,

224 2315 316 2353 Quod
345 2315 519 2354 rogandum
546 2316 712 2355 praevenit

269 2366 302 2394 et
326 2361 405 2394 facit
428 2371 553 2402 rogare.

166 2027 183 2059 κ)

775 72 844 107 378
892 91 941 97 -

879 169 911 202 8.
939 169 1052 209 Iudex,
1078 168 1192 208 inquit,
1218 167 1349 208 optime,

985 225 1024 248 ne
1049 225 1124 248 reus
1149 216 1330 255 damnetur,

938 263 1006 296 Nec
1029 264 1096 296 eius
1121 262 1291 295 infirmitas

985 311 1099 352 culpae
1126 312 1308 352 deputetur,

938 359 1104 400 Serpentis
1128 360 1256 398 astutia,

984 407 1010 439 si
1035 407 1115 438 bene
1141 411 1278 446 notetur,

937 455 1104 486 Peccantis
1129 455 1318 494 simplicitas

984 503 1108 534 veniam
1134 506 1284 534 meretur.

877 638 908 669 9.
937 635 1041 676 Super
1066 645 1137 667 eum
1165 636 1288 668 viscera

983 691 1053 715 mea
1077 687 1151 715 sunt
1177 687 1343 724 commota,

935 731 1082 763 Hominis
1108 731 1277 763 infirmitas

983 778 1043 810 tibi
1066 778 1147 810 bene
1172 784 1258 817 nota,

934 826 977 857 Et
1002 827 1074 865 quia
1100 830 1173 866 post
1198 826 1324 866 culpam
1356 834 1446 857 mens

981 877 1030 905 est
1055 874 1113 905 tibi
1140 874 1264 910 devota,

935 922 1039 953 Causa
1065 922 1112 953 rei
1137 922 1293 961 simplicis

983 978 1044 1000 non
1071 974 1117 1001 est
1145 978 1198 1001 rea
1224 973 1300 1001 tota.

852 1104 905 1135 10.
933 1103 991 1141 Tu,
1019 1103 1073 1142 qui
1101 1108 1216 1134 cuneta
1242 1102 1353 1142 diligis

980 1149 1095 1182 affectu
1122 1155 1269 1191 patern0,

932 1198 1001 1230 Hoc
1027 1208 1089 1230 non
1114 1199 1335 1237 ordinaveras,

981 1250 1084 1286 pater,
1111 1246 1151 1278 ab
1178 1251 1321 1286 aeterno,

933 1294 1035 1325 Homo
1062 1295 1146 1334 quod
1174 1295 1214 1325 de
1240 1294 1349 1333 patria

979 1347 1011 1372 et
1036 1351 1133 1382 regno
1159 1351 1298 1381 superno

931 1389 1025 1420 Esset
1053 1390 1212 1429 periturus
1239 1389 1288 1420 sic

977 1441 1109 1476 peccato
1136 1442 1277 1469 veternO.

851 1566 906 1597 11.
934 1565 1030 1602 Ecce,
1056 1566 1173 1596 malum
1200 1565 1336 1598 hominis

981 1614 1027 1644 sic
1052 1614 1135 1644 iacet
1161 1613 1327 1653 inflictum,

934 1661 979 1694 Ut
1006 1661 1127 1693 nolenti
1153 1662 1270 1694 misero

983 1708 1138 1748 subrepat
1165 1709 1327 1748 delictum,

936 1757 1104 1789 Peccatum
1132 1765 1200 1788 cum
1228 1757 1357 1790 homine

979 1806 1026 1836 sic
1051 1805 1147 1836 habet
1175 1804 1364 1847 conflictum,

933 1853 1023 1892 Quod
1050 1853 1208 1884 infirmum
1237 1854 1386 1886 vulnerat

982 1906 1012 1932 et
1040 1910 1101 1931 non
1128 1902 1223 1932 sentit
1249 1901 1360 1936 ictum.

857 2032 910 2063 12.
938 2031 1128 2062 Peccatores
1154 2030 1287 2062 miseros

984 2079 1030 2109 sic
1057 2077 1156 2109 nectit
1182 2083 1305 2118 catena,

938 2127 981 2158 Ut
1008 2126 1131 2166 peccati
1157 2134 1253 2159 causa
1275 2127 1318 2158 sit

985 2178 1016 2205 et
1041 2174 1165 2213 peccati
1191 2183 1304 2215 poena,

935 2221 985 2252 Ex
1012 2222 1116 2253 usuris
1143 2222 1308 2254 criminum

987 2269 1160 2301 succrescit
1186 2275 1308 2311 catena,

936 2317 990 2356 Et,
1017 2325 1086 2348 curn
1114 2327 1152 2349 ex
1179 2318 1301 2359 origine

981 2365 1023 2396 sit
1048 2369 1202 2405 corrupta
1227 2375 1320 2409 vena,
