1651 2680
152 177 206 209 13.

152 507 205 538 14.

153 1162 207 1192 16.

150 1809 204 1841 18.

149 2134 204 2166 19.

669 79 929 115 —186-

234 177 481 216 Redemptorem
496 176 658 207 Christum
669 177 773 208 credit

233 224 291 256 Iob
317 228 492 263 temptatus
518 233 576 255 nec
602 224 726 255 recedit

281 273 308 303 A
337 272 412 303 fidei
439 272 528 312 solio,

235 320 498 351 Resurreoturum
525 329 559 350 se
583 321 699 351 clamat

234 368 275 398 Et
302 368 442 399 visurum
467 376 511 405 se,
539 377 631 407 quem
657 372 752 407 amat,

283 416 403 448 Ultimo
429 415 557 448 iudici0.

233 510 261 537 A
289 511 380 546 patre
410 507 522 538 missus
549 506 673 537 accedit

235 555 286 586 Ad
315 554 431 585 fratres
460 555 584 593 loseph.
612 554 732 586 recedit

283 603 438 634 Venditus
465 604 495 633 in
522 604 669 642 pretium.

239 650 356 681 Noster
381 660 398 681 a
425 654 515 689 patre
543 650 739 681 descendens

235 699 337 729 Verus
366 699 478 738 Ioseph
505 697 537 728 tit
565 698 740 729 ascendens

283 747 357 777 Post
387 747 489 776 crucis
516 746 718 785 supplicium.

236 837 359 868 Primus
388 836 500 875 loseph
530 836 738 869 venumdatus

235 885 417 915 Honoratus
443 889 470 913 et
501 888 674 923 temptatus

283 931 421 964 Profecit
450 931 591 967 scientia,

233 980 352 1011 Noster
378 980 429 1018 piv
456 980 654 1010 humanatus

233 1028 418 1066 Temptatus
446 1032 474 1057 et
503 1028 586 1057 eruci
616 1028 708 1058 (latus

280 1075 426 1113 Resurgit
455 1075 607 1114 potentia.

236 1160 434 1191 Fraternitas
461 1170 521 1191 non
551 1160 709 1199 cognoscit

235 1207 391 1241 Fratrem,
423 1218 478 1238 neo
506 1209 608 1239 minus
636 1208 768 1246 ignoscit

282 1256 417 1288 Humilis
444 1257 474 1286 in
503 1255 684 1294 prosperis3

234 1303 284 1333 Ab
312 1303 423 1342 angelo
446 1303 618 1334 minoratus

234 1351 261 1381 A
286 1351 439 1390 proximis
466 1352 626 1388 ignoratus

282 1399 453 1429 Miseretur
479 1398 613 1430 miseris.

200 1508 207 1515 .
235 1483 321 1514 Dixit
351 1482 463 1514 Iacob:
494 1482 645 1521 Princeps
672 1482 731 1512 erit

235 1531 330 1562 Iudas
357 1539 413 1560 nec
440 1531 531 1568 stirpi
561 1530 659 1561 deerit

281 1578 456 1616 Sceptralis
483 1579 635 1618 potentia,

232 1628 260 1656 A
287 1625 432 1665 gentibus
459 1630 661 1664 exspectatus

233 1674 339 1704 Donec
368 1674 469 1703 veniet
497 1682 551 1703 rex
579 1678 682 1708 natus,

280 1721 339 1752 Dei
365 1721 531 1759 sapientia.

232 1808 356 1839 Rubum
385 1808 471 1838 videt
498 1806 724 1837 inflammatum

230 1855 358 1895 Moyses
385 1864 443 1886 nec
468 1854 656 1886 minoratum

282 1904 394 1934 Pastor
420 1902 522 1934 factus
548 1904 670 1941 ovium;

231 1951 301 1982 Stat
327 1951 424 1982 rubus
450 1951 482 1982 in
513 1950 669 1989 incendio,

231 1999 283 2030 Sic
310 2004 369 2030 stat
398 2000 430 2030 in
456 1998 627 2038 puerperio

279 2048 377 2085 Virgo
403 2047 533 2087 gignens
560 2046 671 2078 filium.

232 2134 260 2164 A
288 2133 440 2163 servitute
465 2133 550 2163 lutea

232 2180 372 2220 Surgens
398 2180 463 2211 abit
491 2188 566 2217 gens
591 2178 721 2210 Hebrea

278 2229 418 2268 Sequens
446 2227 505 2259 Dei
532 2226 703 2265 famulumg

229 2276 282 2308 Ab
310 2274 425 2307 inferni
452 2276 595 2316 potentia

230 2324 381 2356 Redemit
407 2323 564 2364 sapientia

278 2373 363 2404 Deus
389 2371 449 2403 Dei
475 2371 635 2412 populum.

844 178 900 211 20.

843 508 899 540 21.

842 1161 897 1192 23.

926 177 991 209 Dat
1015 177 1173 210 Hebraeis
1198 177 1339 210 salutare

927 225 1040 267 Nubis,
1067 226 1150 265 ignis
1174 226 1332 257 luminare

973 273 1159 306 Auferendo
1187 274 1334 315 devium;

925 320 978 352 Sic
1003 322 1141 360 geminat
1165 323 1198 353 in
1225 323 1346 353 renatis

925 369 1095 402 Luminare
1122 370 1266 401 caritatis

975 418 1100 449 Pellens
1125 426 1217 449 omne
1243 418 1380 448 noxium.

925 507 1045 539 Manna
1078 508 1233 539 mandunt
1263 507 1294 538 in
1322 508 1458 550 deserto,

928 555 1048 587 Carnes
1074 555 1189 594 pluunt
1214 556 1245 586 in
1272 560 1395 596 aperto,

973 603 1111 634 Tollitur
1136 603 1261 643 inopia3

925 650 1044 682 Manna
1071 651 1173 689 replet
1201 659 1254 682 vas
1280 659 1420 689 aureum,

927 698 979 729 Sic
1004 703 1126 730 uterum
1153 698 1327 738 virgineum

973 746 1058 777 Deus
1087 745 1144 776 Dei
1171 746 1272 785 copia.

926 836 1091 868 Pontificis
1119 837 1208 876 virga
1233 834 1334 872 floret,

926 884 1124 923 Fructificat,
1153 893 1222 914 rum
1249 883 1371 923 ignoret

973 931 1114 963 Naturae
1140 931 1341 969 suffragium:

924 980 1034 1020 Virgo,
1062 984 1175 1010 natura
1201 979 1336 1010 mirante

926 1027 1053 1060 Illibata
1081 1030 1153 1065 post
1179 1032 1208 1059 et
1236 1030 1309 1057 ante.

972 1075 1031 1105 Dei
1059 1075 1144 1114 paris
1172 1074 1280 1105 tilium.

928 1160 986 1190 Per
1012 1160 1140 1190 Balaam
1167 1159 1341 1200 appellaris

925 1207 1024 1238 Stella
1052 1207 1160 1245 Iacob,
1187 1207 1241 1238 lux
1267 1207 1391 1241 solaris,

971 1255 1114 1286 Luminis
1140 1255 1284 1295 initium3

924 1302 973 1333 Ex
1002 1302 1101 1333 Israel
1127 1310 1259 1341 surgens
1287 1301 1380 1333 domo

926 1349 1125 1388 Praeparans
1153 1349 1238 1380 Deus
1265 1352 1293 1379 et
1319 1349 1411 1380 homo

971 1396 1112 1428 Ducibus
1135 1397 1277 1428 exitium.

842 1488 847 1496 ⁵
890 1508 896 1513 .
924 1481 1041 1513 Turbis
1068 1482 1168 1520 inquit
1196 1481 1376 1521 legislator:

838 1808 892 1839 25.

840 2132 895 2164 26.

924 1529 997 1560 Post
1024 1538 1073 1560 me
1101 1535 1206 1568 surget
1235 1529 1432 1567 profanator,

968 1577 1144 1616 Tamquam
1170 1586 1219 1608 me
1245 1577 1415 1617 suscipite3

924 1625 1115 1664 Prophetam
1141 1625 1195 1663 qui
1221 1625 1355 1663 recipiet

922 1672 1106 1708 Venturum,
1134 1681 1292 1712 nunquam
1319 1672 1421 1712 periet

970 1722 997 1751 A
1023 1723 1204 1752 sanctorum
1231 1721 1370 1753 tramite.

921 1806 1016 1846 Signa
1043 1807 1177 1848 quaerit,
1207 1807 1324 1839 dantur
1345 1808 1434 1848 signa

920 1854 1061 1886 Gedeoni
1090 1854 1152 1885 duo
1177 1855 1282 1895 digna,

969 1903 1081 1934 Pluvia
1107 1903 1286 1944 madentia3

921 1949 971 1982 Ibi
999 1950 1083 1982 Deus
1108 1960 1126 1981 a
1152 1950 1248 1982 simili

921 1998 1038 2030 Divina
1065 1997 1187 2029 confert
1214 1999 1325 2030 humili

969 2046 1093 2078 Rorans
1119 2045 1284 2080 beneficia.

923 2132 1054 2164 Samson
1082 2131 1170 2163 ducit
1195 2133 1344 2174 alienam,

919 2180 1062 2212 Revocat
1088 2179 1233 2212 Christus
1259 2189 1389 2220 egenam

969 2227 1118 2259 Gentium
1144 2228 1330 2269 ecclesiam3

919 2275 1052 2308 Samson
1077 2275 1166 2307 urbis
1192 2277 1333 2308 claustra
1357 2276 1443 2316 tulit,

921 2322 1044 2357 Inferni
1069 2323 1215 2356 Christus
1241 2324 1374 2356 abstulit

967 2371 1133 2411 Captivam
1159 2371 1323 2405 familiam.
