1651 2680
666 116 713 120 ——
762 96 830 133 257
880 116 920 120 —-

566 189 626 221 217.
669 191 711 222 De
732 191 843 222 sancta
863 190 1002 222 Eulalia.

358 270 468 302 Tema
489 270 553 302 iam
581 271 663 302 dena
689 271 829 303 moriens
854 270 983 303 Eulalia
1007 271 1104 311 plena

357 318 461 357 More,
488 318 564 350 boni
590 327 671 350 vena
698 318 757 350 fuit
784 319 866 356 orbi,
891 319 966 351 luna
991 328 1114 351 serena.

357 365 454 398 Nuda
479 365 672 407 flagellatur,
699 367 769 398 oleo
795 376 854 399 sua
878 376 1014 399 mamma
1040 370 1213 407 crematur,

361 413 495 445 Plumbo
522 418 710 454 temptatur,
738 415 838 454 ignita
863 415 949 446 calce
976 415 1142 454 probatur.

359 462 396 493 In
423 461 553 494 fornace
579 463 684 494 Iesum
712 462 882 495 caelestem
910 463 1047 502 palpitat
1074 471 1172 504 esum,

357 510 446 548 Quae
474 519 530 542 nos
556 519 652 549 prece
679 511 732 549 pia
759 512 915 550 perducat
941 512 981 542 ad
1008 511 1139 542 aethera
1166 518 1301 541 summa.

209 595 290 623 Orat.
311 603 364 621 ωε.
387 595 548 630 Campense
571 597 640 622 anni
663 593 745 622 1462.
788 595 857 622 Cod.
880 595 1098 622 Darmstadien.
1120 593 1184 622 521.

602 707 664 738 218.
708 708 748 738 De
770 710 880 738 saneta
900 707 982 738 Fide.

317 785 381 819 ΗΟ.
408 787 611 819 Praesidium
637 787 722 819 vitae
748 788 802 827 qui
827 789 991 828 quaeritis,
1019 796 1103 824 ecce,
1130 787 1245 827 venite,

282 874 314 906 1.
341 873 466 914 Quique
493 873 658 912 laboratis,
683 874 710 904 si
740 874 835 905 vultis
861 883 952 913 opem
979 874 1119 915 pietatis,

341 921 459 953 Tollite
486 922 656 953 clamorem
684 921 742 953 sub
768 928 897 953 sanctae
925 922 1015 954 Fidis
1042 923 1192 954 honorem

340 969 420 1001 Eius
446 969 609 1001 laudando
634 978 748 1000 numen
775 970 965 1010 simulatque
991 971 1164 1013 precando,

341 1017 430 1049 Haec
454 1021 490 1048 ut
516 1021 693 1049 vestrarum
720 1018 761 1048 sit
788 1023 898 1057 portus
925 1018 1202 1057 aegrimoniarum,

282 1105 314 1137 2.
339 1103 364 1135 O
391 1103 623 1135 mundanarum
651 1103 834 1143 despectrix
861 1104 1057 1145 divitiarum,

343 1151 503 1182 Virtutum
530 1151 603 1182 telis
629 1155 754 1183 armata
784 1152 941 1182 manendo
968 1151 1082 1192 tidelis,

342 1198 464 1231 Nomen
493 1200 532 1230 de
559 1200 641 1230 veris
669 1199 764 1230 rebus
791 1199 936 1231 duxissse
963 1200 1093 1236 videris,

341 1246 440 1279 Fides
466 1247 624 1286 praeclari
651 1247 756 1278 meriti
782 1246 862 1279 bene
885 1247 979 1286 digna
1008 1248 1125 1280 vocari.

282 1335 313 1366 3.
341 1332 474 1365 Lucifer
498 1336 532 1364 ut
558 1333 659 1363 stellis
685 1333 756 1364 aliis
783 1335 929 1373 praelata
955 1334 1081 1374 puellis,

339 1381 449 1413 Iudice
473 1381 531 1412 sub
559 1381 642 1412 tristi
669 1379 811 1412 flammas
837 1390 918 1422 quae
944 1385 1012 1413 tuta
1038 1381 1164 1421 subisti,

339 1428 465 1461 Exaudi
492 1432 612 1460 tantum
640 1428 698 1460 tibi
726 1429 835 1461 debita
861 1434 933 1461 vota
960 1435 1156 1470 precantum,

340 1477 467 1510 Possint
491 1477 593 1509 adiuti
619 1486 680 1517 quo
707 1487 766 1517 per
790 1482 821 1509 te
848 1477 955 1509 vivere
981 1479 1052 1510 tuti.

285 1566 317 1599 4.
345 1564 370 1596 O
396 1564 451 1605 pia
477 1563 639 1606 bellatrix,
668 1563 820 1596 virtutum
844 1574 971 1605 semper
997 1564 1144 1602 amatrix,

342 1613 405 1646 Pro
430 1616 503 1644 voto
530 1611 649 1644 Christi
675 1613 783 1652 gladio
811 1617 906 1653 caput
930 1613 1105 1653 exposuisti

342 1661 412 1694 Hoc
438 1666 534 1701 pacto
561 1658 654 1693 fortis
681 1661 846 1693 subeundo
872 1661 1016 1701 pericula
1042 1662 1164 1703 mortis,

340 1709 435 1742 Unde
461 1708 520 1740 tibi
547 1709 650 1740 laetus
677 1709 855 1749 congaudet
881 1709 913 1740 in
940 1713 1047 1741 uetere
1075 1715 1193 1742 coetus.

283 1799 313 1829 5.
343 1796 439 1829 Peste
466 1796 560 1828 nimis
586 1796 656 1827 dira
683 1794 818 1827 Daciani
846 1795 965 1827 ferbuit
991 1796 1049 1832 ira,

340 1844 386 1878 Ut
410 1844 494 1877 male
518 1844 658 1885 puniret,
685 1853 762 1882 quos
789 1843 918 1875 Christo
945 1845 1077 1876 eredere
1104 1845 1218 1882 sciret-²

339 1893 477 1933 Agmina
503 1896 686 1924 sanctorum
713 1890 839 1932 fugiunt
865 1902 903 1923 ex
929 1893 1008 1924 urbe
1035 1894 1187 1929 virorum,

341 1942 405 1975 Sed
431 1950 560 1982 pugnax
586 1941 671 1972 hosti
696 1943 731 1970 tu
756 1940 826 1972 sola
848 1941 999 1972 resistere
1025 1940 1119 1974 nosti.

284 2030 316 2062 6.
344 2027 498 2060 Formoso
525 2031 591 2059 toto
618 2027 798 2059 succumbis
825 2036 959 2066 corpore
986 2027 1049 2058 leto

343 2077 533 2117 sanguineis
560 2075 648 2112 rivis,
676 2075 805 2108 Christo
831 2075 889 2108 sed
915 2076 947 2107 in
974 2075 1104 2107 aethere
1130 2076 1221 2117 vivis,

344 2124 468 2166 Corpus
495 2129 526 2156 et
551 2123 698 2164 algescit,
723 2123 780 2155 sed
807 2123 840 2155 in
866 2124 962 2156 astris
989 2124 1055 2155 vita
1081 2124 1232 2165 calescit3

343 2172 407 2205 Hic
432 2171 491 2204 tibi
520 2171 613 2205 sedes
640 2175 698 2208 est.
725 2179 786 2212 quo
812 2171 904 2203 iustis
930 2172 1087 2204 scandere
1113 2181 1186 2212 spes
1212 2177 1271 2206 est.

287 2260 318 2292 7.
345 2258 477 2292 Gaudes
503 2258 649 2301 sidereis,
676 2257 779 2300 virgo,
805 2259 927 2290 sociata
953 2259 1089 2299 choreis,

347 2306 489 2341 caelitus
515 2311 645 2340 aeterno
671 2307 739 2346 regi
766 2307 916 2347 copulata
941 2316 1091 2347 superno.

347 2354 501 2397 Corporis
526 2359 559 2388 et
579 2355 647 2386 vita
672 2353 791 2387 frueris
815 2355 848 2387 in
874 2359 977 2387 morte
1003 2355 1118 2396 potita,

346 2403 486 2437 Obstans
511 2403 621 2436 hostili
647 2402 747 2436 rabiei
775 2403 872 2436 corde
898 2404 995 2437 virili.

187 2464 330 2493 Dreves,
348 2462 397 2486 Pia
414 2463 580 2487 Dictamina.
611 2462 674 2486 VII.
1250 2460 1284 2488 17
