1651 2680
693 109 928 146 -31-

159 209 196 242 6,
219 205 356 238 Dimitte
380 206 473 238 nobis
500 207 608 240 debita

269 257 390 295 nostra,
414 254 642 295 supplicamus,

221 301 312 334 Sicut
338 301 538 334 debitoribus

269 351 389 382 nostris
416 350 642 387 condonamus,

219 397 356 430 Exsules
382 401 414 429 et
438 396 562 429 flebiles

269 449 311 488 te,
338 449 442 486 pater,
469 455 607 487 oramus,

221 493 366 532 Dimitte,
393 493 478 533 quod
506 494 720 533 peccavimus,

269 545 301 572 et
326 541 420 582 dona,
447 542 533 581 quod
560 550 718 582 rogamus.

164 664 196 696 7.
221 662 280 700 Tu,
307 661 361 701 qui
388 661 496 692 mundi
523 670 656 692 veneras

271 709 396 741 solvere
421 713 554 748 peccata

221 758 328 798 Atque
354 757 434 798 legis
460 758 578 788 veteris

267 805 402 845 implere
427 805 588 847 mandata,

222 853 340 886 Nostra
367 853 459 884 nobis
486 853 580 885 hodie

854 208 886 240 8.
914 207 1136 240 Circueuntem
1163 208 1298 245 propter
1323 213 1380 236 nos

962 255 1101 295 reprime
1127 253 1261 294 leonem,

913 303 972 343 Qui
998 312 1056 334 nos
1081 304 1217 341 temptat
1244 301 1361 333 ducere

961 351 992 382 in
1021 350 1243 390 perditionem,

914 399 1083 430 Paternam
1111 397 1313 436 deposcimus

961 446 1044 478 hanc
1069 445 1245 486 tuitionem,

912 494 960 525 Ne
987 503 1044 525 nos
1071 493 1300 525 circumveniat

960 552 1018 581 per
1043 541 1297 581 temptationem.

856 687 884 694 i.
913 662 972 701 Qui
999 662 1030 692 in
1059 660 1154 693 caelis
1181 660 1267 691 solus
1292 669 1336 699 es,

963 710 1058 740 terris
1085 713 1114 740 et
1142 709 1172 739 in
1200 708 1277 748 salo,

917 758 1008 790 Plebi
1035 756 1231 788 Israeliticae

963 807 1086 846 positus
1112 805 1144 836 in
1170 804 1255 844 palo,

915 855 966 885 Ad
994 859 1025 885 te
1052 852 1150 885 fundo
1177 852 1312 892 gemitus

270 901 395 933 dimitte
421 906 564 944 peccata,

219 949 265 982 Ut
290 950 323 981 in
349 958 406 980 nos
432 950 639 988 peccantibus

273 998 461 1029 dimittimus
489 1003 606 1029 errata.

963 911 1048 933 meos
1075 905 1106 933 et
1134 900 1278 941 propalo,

915 949 958 982 Ut
985 959 1041 981 nos
1067 950 1097 981 in
1125 952 1313 989 perpetuum

963 1006 1131 1029 conserves
1158 1006 1175 1028 a
1202 997 1311 1037 malo.-

532 1121 585 1150 11).
615 1119 706 1149 Nunc
732 1117 834 1156 patris
861 1122 890 1148 et
918 1117 975 1148 tilii

659 1166 816 1204 deprecor
842 1166 1014 1205 spiramen,

610 1213 675 1246 Mei
702 1213 791 1244 caeci
818 1214 957 1252 pectoris

659 1262 801 1300 depellat
828 1262 982 1293 velamen.

611 1311 730 1348 Perpes
757 1309 788 1340 in
815 1314 1004 1349 perpetuum

659 1367 760 1388 meum
788 1358 829 1388 sit
855 1358 1015 1399 solamen,

610 1407 687 1439 Oret
713 1414 836 1436 mecum
864 1406 958 1436 hodie

658 1458 744 1484 totus
771 1454 918 1486 mundus,
970 1455 1083 1486 Amen.

227 1569 348 1597 Collect.
380 1578 432 1595 ms.
454 1570 652 1596 Lantoniense
675 1569 710 1600 (21)
732 1577 808 1595 saec.
833 1568 875 1595 13.
898 1569 968 1595 eod.
991 1568 1065 1596 Coll.
1087 1569 1173 1603 Corp.
1196 1568 1306 1596 Christi
1330 1569 1476 1595 Oxonien.

151 1607 198 1637 59.
219 1623 257 1627 -
276 1606 304 1641 2,
324 1605 343 1634 2
364 1608 526 1637 invocetur.
549 1622 585 1626 —
606 1606 633 1638 3,
656 1607 673 1633 ἶ)
689 1608 782 1642 Opem
803 1611 943 1636 nostram.
966 1624 1002 1627 —
1023 1607 1050 1641 4,
1072 1606 1089 1634 2
1112 1610 1140 1635 et
1162 1608 1192 1633 in
1208 1608 1285 1633 imis.
1309 1622 1344 1626 -—
1365 1606 1393 1637 7.
1415 1606 1431 1633 7
1450 1611 1480 1633 ut

150 1649 182 1675 in
204 1646 299 1674 nobis.
320 1662 358 1666 —
378 1647 444 1673 Von
467 1647 524 1673 Str.
545 1645 562 1674 6
585 1648 650 1674 eine
672 1648 776 1673 zweite
796 1646 965 1673 Redaktion
986 1655 1045 1673 von
1067 1646 1190 1673 anderer
1212 1646 1317 1673 Hand:

455 1714 539 1741 Sicut
560 1724 614 1741 nos
635 1715 812 1741 dimittimus
835 1715 915 1740 omui
937 1713 1130 1750 delinquenti,

457 1754 526 1780 Tibi
549 1762 649 1788 preces
671 1752 820 1788 supplices
843 1756 1018 1788 pectoreque
1041 1753 1121 1779 flenti

458 1792 603 1824 Facimus,
626 1796 653 1819 et
676 1792 787 1817 scelera
809 1792 894 1817 nohis
918 1792 1064 1823 inferenti,

456 1831 491 1856 In
512 1840 566 1857 nos
588 1834 619 1857 ut
641 1831 783 1865 respicias
805 1830 890 1856 oculo
912 1830 1059 1856 clementi.

150 1898 301 1927 Abschrift
319 1907 379 1926 von
400 1899 470 1927 Rev.
494 1900 532 1926 H.
554 1900 592 1926 M.
616 1899 782 1925 Bannister.

591 2070 640 2100 23.
681 2068 782 2108 Super
806 2068 901 2099 Pater
921 2068 1040 2099 Noster.

862 2179 894 2212 2.
921 2178 968 2209 Es
996 2178 1061 2210 vita
1087 2181 1119 2210 et
1145 2177 1263 2209 veritas

967 2226 1008 2258 Et
1037 2235 1106 2257 esse
1131 2226 1305 2264 aeternale,

920 2273 964 2305 In
990 2278 1022 2305 te
1049 2277 1156 2306 manet
1181 2274 1391 2316 immensitas,

970 2323 1167 2364 Principium
1195 2323 1332 2359 causale,

924 2369 1042 2413 Caelis,
1069 2371 1101 2402 in
1128 2370 1243 2410 quihus
1269 2370 1412 2411 habitas,

971 2419 1038 2451 Das
1064 2420 1171 2451 lumen
1197 2419 1331 2452 radiale.

167 2183 200 2216 1.
225 2180 335 2223 Pater,
364 2181 417 2221 qui
444 2189 477 2212 cs
503 2180 674 2220 ingenitus,

276 2229 359 2268 Iesu,
386 2228 431 2260 fili
459 2228 563 2266 beate,

223 2277 344 2310 Noster
369 2277 521 2318 director,
549 2276 691 2316 spiritus,

274 2325 325 2358 Tu
349 2334 408 2357 nos
434 2325 552 2357 exaudi
578 2327 679 2364 grate,

227 2373 290 2416 Qui
315 2373 404 2406 Deus
429 2377 538 2406 exstas
564 2371 742 2413 praeditus,

275 2423 369 2456 Unus
395 2423 427 2454 in
454 2422 611 2454 trinitate.

117 2319 125 2333 l
