1651 2680
696 105 732 109 -
787 85 952 120 284—

566 179 635 210 249.
679 179 719 209 De
740 180 848 209 sancto
870 177 1074 217 Kentigerno.

293 251 353 283 Ad
388 251 656 284 Matutiuum.

178 321 206 352 1.
232 317 392 350 Matutino
417 323 560 357 tempore

280 366 397 399 virtute
424 366 533 397 divina

234 413 450 452 Kentigernus
476 413 609 444 suscitat

280 472 299 493 a
325 461 436 492 mortis
462 460 554 492 ruina

237 510 344 541 Virum
371 512 465 548 atque
492 509 662 547 volucrem,

281 556 399 597 gaudet
423 561 499 588 tunc
524 557 644 596 regina,

235 605 379 636 Annulus
407 613 475 635 cum
502 604 640 635 trahitur

282 653 322 684 de
348 650 439 683 fauce
464 652 598 692 piscina.

331 729 391 760 Ad
424 729 620 761 Primam.

180 793 211 824 2.
241 792 330 823 Hora
356 791 458 829 prima
484 794 633 829 coeperat

282 847 397 877 corpus
424 838 594 878 castigare,

231 888 349 926 Quater
374 886 406 917 in
433 885 634 917 hebdomada

283 935 363 965 solet
390 934 542 972 ieiunare,

235 982 366 1013 Gelidos
393 981 587 1012 ramusculos

281 1030 311 1060 in
339 1029 442 1068 ignem
469 1027 611 1067 sufflare,

235 1078 326 1109 Sicco
353 1077 436 1116 pede
463 1077 623 1107 transiens

283 1124 347 1155 vult
374 1123 490 1155 flumen
517 1124 653 1158 calcare.

1013 249 1075 280 Ad
1110 247 1313 281 Tertiam.

861 318 892 348 3.
919 316 1008 348 Hora
1032 324 1147 357 nempe
1173 315 1270 346 tertia

967 372 1101 404 peregre
1126 362 1263 401 laborat,

921 412 1052 443 Romam
1078 411 1154 443 visit
1179 411 1308 449 septies,

967 469 1053 499 papa
1077 468 1172 498 quem
1200 458 1346 492 honorat,

920 507 964 539 Ut
989 507 1125 538 serviret
1151 505 1303 546 praesuli⁷

969 554 1022 586 avi
1047 563 1082 585 se
1107 555 1239 586 devorat

867 625 870 627 Α
920 603 961 634 Et
989 611 1174 642 campanam
1202 601 1348 633 sustinet.

969 659 1048 690 quae
1074 659 1168 682 sonos
1196 649 1357 681 dulcorat.

1027 727 1088 758 Ad
1122 727 1304 759 Sextam.

887 815 892 820 .
921 789 1010 820 Hora
1035 792 1127 820 sexta
1152 787 1296 829 pontifex

969 837 1001 868 in
1028 835 1148 875 Glasgu
1174 840 1327 876 moratur,

925 884 1030 924 Lupus
1057 892 1150 914 cervo
1175 883 1328 922 iungitur,

970 937 1003 963 ut
1030 935 1117 962 terra
1144 930 1278 971 colatur,

923 979 1025 1017 Iubet,
1052 983 1084 1010 ut
1112 989 1170 1018 pro
1195 978 1314 1009 semine

971 1035 1067 1059 arena
1093 1029 1274 1067 spargatur,

926 1075 973 1106 De
999 1084 1059 1113 qua
1086 1084 1142 1106 suo
1169 1077 1312 1113 tempore

972 1122 1083 1154 messis
1107 1126 1199 1162 grata
1226 1121 1329 1153 datur.

688 1201 716 1230 A
729 1201 746 1230 d
783 1200 811 1231 N
824 1208 841 1231 0
852 1209 870 1230 n
881 1210 899 1230 a
911 1209 950 1232 m.

507 1265 536 1293 5.
565 1262 653 1293 Hora
678 1271 760 1293 nona
787 1261 922 1293 Domino

613 1313 703 1348 paret
730 1309 899 1349 imperanti

566 1357 676 1393 Terra,
703 1356 860 1395 praebens
887 1356 1072 1387 cathedram

613 1407 723 1435 sancto
749 1403 959 1442 praedicanti,

567 1451 772 1483 Sacramenta
800 1451 945 1491 praebuit

613 1499 751 1530 Merlino
779 1500 933 1538 precanti.

567 1547 641 1579 Post
668 1550 863 1586 mortemque
889 1547 1035 1586 spiritum

611 1598 697 1625 terra
725 1595 777 1625 dat
809 1595 938 1625 creanti.

189 1673 203 1676 ”
242 1669 361 1696 Collect-
396 1678 448 1695 nis.
484 1670 631 1696 Scoticum
665 1677 739 1695 saec.
778 1669 819 1696 16.
855 1671 892 1695 in*

164 1708 216 1772 {C
225 1705 275 1740 263
304 1708 409 1734 dai-aus
431 1709 461 1734 in
483 1709 649 1743 Registrum
670 1707 867 1743 Episcopatus
889 1708 1080 1742 Glasguensis
1102 1708 1114 1734 1
1134 1707 1311 1743 (Edinburgi
1337 1704 1425 1738 1843,
1454 1717 1483 1743 p.

948 1670 1017 1696 Cod.
1053 1669 1142 1696 Univ.
1176 1668 1377 1705 Edinburgen.
1413 1669 1483 1697 ΑΒ.

218 1746 283 1772 VII.
306 1746 368 1781 sq.)
393 1762 427 1764 —
448 1746 490 1772 Es
511 1745 607 1772 fehlen
628 1746 675 1773 (lie
697 1746 843 1781 strophen
865 1747 909 1772 ffu-
928 1747 1041 1782 Vesper
1063 1747 1119 1773 und
1144 1746 1287 1781 Complet.

583 1869 649 1899 250.
690 1868 731 1898 De
754 1870 861 1899 sancto
884 1867 1064 1898 Landelino.

201 1974 208 1981 .
236 1948 339 1987 Salve,
368 1952 459 1986 pater
485 1949 684 1980 exsulantum

234 1995 423 2034 Landoline,
451 1997 503 2035 qui
530 2006 592 2027 non
618 2000 741 2028 tantum

236 2044 465 2084 Peregrescens
492 2044 655 2086 exstitisti,

236 2091 298 2123 Sed
326 2091 365 2122 ad
393 2092 531 2130 palmam
558 2092 732 2131 pervenisti

283 2140 462 2178 Martyrum
489 2140 693 2172 laudabilem.

233 2186 282 2218 De
309 2187 472 2218 Scotorum
500 2188 601 2226 stirpe
627 2191 720 2220 natus

235 2235 433 2266 Adulescens
460 2240 494 2266 tu
522 2235 633 2266 beatus

234 2282 316 2314 Adis
343 2280 426 2313 freta
451 2283 627 2322 navigatus,

234 2330 369 2362 Flumen
397 2330 498 2362 Rheni
526 2330 764 2369 transfretatus,

281 2379 318 2410 In
343 2381 461 2409 terram
487 2378 668 2412 amabilem.

867 1951 898 1981 2.
926 1949 1115 1989 Hospitatus
1141 1959 1158 1980 a
1185 1949 1307 1990 relicta,

922 1995 1033 2028 Altorf
1057 1997 1134 2028 villa
1158 1995 1229 2028 infit
1257 1997 1354 2037 dicta,

922 2045 1017 2076 Cuius
1043 2047 1115 2075 nata
1143 2048 1218 2075 tunc
1244 2043 1366 2076 afflicta

922 2092 981 2124 Est
1007 2095 1037 2122 et
1065 2092 1133 2123 visu
1160 2092 1315 2124 derelicta

971 2140 1029 2171 Dei
1056 2139 1260 2172 iudicamine‚

921 2188 1040 2219 Nemus
1067 2187 1168 2219 intras
1194 2191 1225 2218 et
1253 2189 1377 2228 evellis,

922 2236 1037 2276 struis7
1063 2235 1203 2274 plantas,
1229 2236 1288 2267 sed
1314 2235 1435 2268 duellis

922 2284 1096 2316 venatores
1122 2284 1209 2323 pleni
1239 2282 1323 2316 fellis

921 2332 1028 2372 Teque
1057 2331 1146 2363 duris
1171 2335 1277 2364 artant
1303 2331 1398 2364 bellis

968 2380 1049 2412 Toto
1075 2388 1145 2411 cum
1172 2380 1349 2413 conamine.
