1651 2680
688 85 949 120 -282—

186 190 219 221 5.
247 187 309 218 Per
335 190 377 225 te,
406 186 494 224 virgo
520 183 677 226 specialis,

248 235 312 266 Sim
339 243 358 264 a
385 233 507 264 cunctis
532 231 615 262 liber
639 231 742 271 malis,

247 284 275 314 A
305 281 431 313 delictis
458 280 612 311 liberatus

247 330 289 361 Et
315 330 347 361 iu
375 328 473 359 caelis
499 327 672 359 collocatus

243 378 319 408 Tuis
347 375 544 415 patrociniis

186 522 217 552 6.
247 520 434 559 Katherinn,
462 519 567 549 lumen
594 519 713 548 clarum

244 568 285 599 Et
313 569 443 598 lucerna
469 565 657 606 puellarum,

244 615 406 655 Virginalc
431 613 606 653 speculum,

245 663 448 695 Praecellens
476 660 714 701 carbunculum,

241 712 295 743 Me
320 710 419 750 salva,
448 714 535 740 tuum
564 707 724 740 famulum.

186 808 204 838 x]

212 832 218 838 .
246 806 435 844 Katherina,
462 805 523 836 Dei
549 804 712 844 templum,

247 854 410 887 Castitatis
437 862 469 883 es
497 852 686 890 exemplum,

244 903 293 933 Da
320 901 448 931 virtutis
474 900 703 931 indumentum.

243 949 429 981 Sauctitatis
456 948 686 978 incrementum

240 997 340 1028 Yerae
366 996 447 1027 lucis
474 995 607 1026 radium.

181 1093 213 1123 8.
243 1091 431 1129 Katherina,
459 1091 549 1129 virgo
576 1094 696 1125 sancta,

241 1140 326 1178 Quae
353 1148 410 1177 pro
437 1143 490 1169 tuo
517 1138 656 1173 servitio,

244 1187 329 1217 (aeli
355 1186 473 1224 gaudes
501 1185 630 1225 palatio,

242 1235 331 1273 Roga
357 1233 457 1264 Deum
486 1233 582 1265 corde
607 1236 684 1269 toto,

244 1282 285 1314 Ut
313 1289 363 1312 me
390 1287 491 1312 sumat
519 1278 601 1321 [suo]
631 1287 737 1319 regnO.

873 184 904 216 9.
933 181 1123 219 Katherina‚
1149 189 1204 212 vas
1231 179 1393 218 decorum,

850 518 903 549 10.

850 804 904 835 11.

849 1090 901 1121 12.

932 229 1123 262 Servitutem
1147 228 1306 260 idolorum

932 278 1018 316 Quae
1043 276 1203 317 sprevisti,
1231 269 1460 317 domino[rum]

933 325 1050 364 Regem
1077 324 1179 357 Deum
1205 328 1237 355 et
1262 322 1392 354 deorum

934 373 1078 412 Coluisti,
1108 372 1336 411 sempiternum

932 420 982 452 Da
1007 421 1085 452 mihi
1111 419 1275 451 solacium.

931 516 956 548 Ο
984 515 1077 547 beata
1103 515 1293 552 Katherina,

932 564 1018 602 Quae
1043 563 1154 594 mortis
1182 561 1340 601 supplicia

932 612 995 643 Pro
1022 610 1150 643 Christo
1175 619 1236 640 non
1264 609 1392 640 minima

931 659 1100 699 Tolerasfi,
1129 657 1205 688 tolle
1231 665 1300 688 mea

931 706 998 737 Deo
1023 707 1152 738 iuvante
1178 705 1319 738 crimina.

933 801 1120 837 Katherina,
1147 801 1235 840 virgo
1261 800 1323 840 pia,

933 850 1020 888 Quae
1045 848 1125 880 caeli
1149 849 1267 888 gaudes
1295 848 1393 879 curia.

932 897 1021 936 Roga
1046 897 1158 936 Deum,
1186 901 1218 926 ut
1243 897 1275 927 iu
1303 904 1359 925 sua

932 945 986 976 Me
1013 944 1171 984 captivum
1199 944 1299 983 gloria

935 992 1071 1023 Coronet
1097 991 1127 1022 in
1153 991 1287 1022 laetitia.

929 1087 1018 1126 Quod
1046 1090 1211 1126 praestare
1237 1091 1271 1117 tu
1297 1085 1448 1126 digneris,

930 1136 1119 1166 Invocantes
1146 1143 1226 1173 quae
1253 1133 1362 1171 tueris,

931 1184 1016 1221 Quae
1040 1182 1166 1213 laudari
1193 1181 1396 1222 promereris,

930 1231 1017 1268 Quae
1043 1233 1204 1270 regentem
1229 1228 1364 1261 intueris

932 1279 993 1309 Per
1019 1277 1214 1309 saeculorum
1241 1276 1377 1308 saecula.

236 1376 404 1408 Klemrning
424 1375 483 1406 m,
512 1372 556 1400 54.
584 1387 619 1390 —
648 1372 678 1405 5,
705 1370 723 1397 2³1
748 1372 882 1399 liberata.
909 1386 944 1389 —-
967 1371 998 1400 5,
1026 1371 1043 1398 4
1065 1371 1217 1398 collocata.
1238 1386 1275 1390 —
1295 1368 1329 1401 6,
1358 1368 1375 1396 5
1394 1373 1476 1396 tuam

156 1413 311 1445 famulam,
335 1420 393 1438 was
415 1413 484 1438 aber
505 1411 587 1437 nicht
611 1412 664 1437 mit
684 1410 893 1438 carbunculum
914 1411 1006 1436 reimt.
1027 1424 1064 1428 ——
1087 1407 1130 1440 12,
1155 1409 1167 1435 1
1191 1413 1221 1435 tu
1243 1409 1372 1445 dig-neris
1394 1416 1476 1443 prae-

157 1454 244 1477 stare.
267 1466 299 1469 —
326 1448 367 1477 12,
389 1448 406 1476 2
427 1451 461 1477 In
483 1452 600 1475 sanctos·
623 1458 698 1484 quae
720 1449 818 1474 tueris.
841 1464 877 1467 -
898 1448 939 1476 Es
960 1448 1039 1474 blieb
1060 1447 1141 1474 nicht
1161 1447 1255 1482 iibrig,
1277 1446 1321 1473 als
1342 1446 1404 1473 dies
1419 1446 1475 1474 Ge-

157 1489 237 1515 dicht
258 1489 332 1515 nach
356 1488 521 1523 Klemming
544 1487 738 1517 mitzuteilen,
767 1486 804 1513 da
825 1496 855 1513 es
877 1489 906 1513 in
927 1486 978 1513 der
998 1495 1055 1513 von
1078 1485 1136 1512 ihm
1159 1485 1351 1520 angefiihrten
1372 1484 1476 1518 Quelle

155 1527 217 1553 sicli
239 1527 319 1553 nicht
339 1527 490 1560 gesunden.

568 1656 632 1685 248.
675 1656 714 1686 lle
737 1656 846 1685 sancta
868 1653 1054 1686 Katharina.

287 1765 346 1797 Ac]
384 1765 651 1796 Matutinuni.

188 1852 217 1885 1.
245 1853 340 1883 Artes
368 1851 462 1882 docta
488 1851 571 1890 regis
596 1855 679 1893 nata,

290 1899 369 1938 Regi
395 1908 502 1938 regum
529 1898 649 1930 nubere

246 1948 420 1989 Quaerens,
448 1948 514 1978 eius
542 1946 734 1986 desponsata

292 1995 432 2032 Annulo,
461 1995 646 2034 dispergere

246 2043 401 2074 Paternas
428 2043 534 2082 egenis
560 2051 637 2081 opes

294 2090 365 2121 Non
392 2094 503 2131 cessat,
531 2099 665 2129 arguere

245 2138 443 2169 Maxentium
472 2139 510 2169 de
534 2137 684 2169 nefandis

297 2185 364 2216 Nec
390 2189 522 2225 tremet;
550 2185 700 2225 colligere

248 2233 344 2265 Curat
371 2238 478 2265 coetus
505 2236 701 2274 excaecatos,

298 2282 341 2314 Ut
368 2282 466 2320 possit
495 2281 640 2313 dividere

249 2328 413 2369 Virginem
440 2340 459 2361 a
483 2338 595 2360 norma
619 2329 710 2368 recti,

299 2376 356 2408 sed
382 2377 489 2416 nequit
516 2375 674 2409 sufficere.

873 1853 904 1884 2.

1020 1765 1078 1796 Ad
1113 1764 1303 1796 Primam.

931 1851 1163 1891 Quinquaginta
1190 1851 1369 1890 sapientum

977 1901 1105 1930 caterva
1131 1898 1301 1938 colligitur,

931 1946 977 1978 Ut
1003 1947 1167 1986 disputent
1194 1951 1306 1978 contra
1329 1945 1430 1977 solam

979 1994 1144 2036 virginem,
1172 1993 1376 2026 concluditur

930 2042 1052 2073 Horum
1078 2051 1169 2074 error
1194 2042 1318 2074 ratione

982 2098 1068 2130 vera,
1091 2098 1164 2121 mox
1191 2089 1388 2130 conspicitur

933 2137 1043 2169 Turba
1067 2136 1231 2170 Christum
1258 2136 1414 2176 confiteri,

982 2185 1015 2216 in
1041 2184 1180 2216 medium
1207 2185 1346 2217 mittitur

936 2232 1080 2265 Grandis
1106 2232 1200 2273 ignis,
1227 2233 1285 2265 sed
1303 2241 1363 2264 nec
1383 2233 1481 2265 vestis

979 2289 1038 2312 nec
1064 2280 1199 2320 capillus
1223 2281 1337 2322 uritur,

931 2328 976 2360 Et
995 2329 1126 2361 tandem
1150 2328 1306 2361 inviolata

979 2377 1132 2417 paradiso
1158 2376 1316 2409 redditur.
