1651 2680
699 93 938 128 -25-

162 186 199 219 3.
231 185 277 218 Ut
301 195 386 218 nunc
405 187 553 220 omnibus
578 190 748 222 mundanis
862 192 895 224 4.
922 191 1200 231 Observemusque
1226 191 1379 224 mandata

226 233 392 274 Nobisque
417 235 498 275 ipsis
524 236 646 269 relictis
923 238 988 271 Sua
1014 239 1160 280 perfecta
1185 248 1284 279 opera

227 281 301 313 Miti
327 283 426 315 corde
451 285 484 314 et
511 283 625 316 humili
923 288 1032 327 Usque
1057 288 1090 320 in
1116 286 1211 318 finem
1237 297 1300 320 non
1325 285 1400 318 ficte

225 329 390 363 sectemur
416 329 518 363 filium
545 332 617 365 Dei.
921 335 1014 376 Fide,
1042 345 1099 376 spe
1125 339 1157 366 et
1184 336 1327 367 caritate.

498 420 527 451 5.
555 419 660 458 Quare
685 429 770 452 nunc
794 420 924 452 luantur
950 422 1064 461 culpae

555 466 661 507 Digna
686 467 948 505 sanctificatione,

558 514 599 547 Ut
626 517 754 547 contriti
781 520 813 546 et
840 515 978 548 confessi

555 563 688 603 Semper
719 564 788 604 apti
813 564 912 595 simus
936 565 1029 599 mori.

530 665 552 698 f.
591 667 647 699 De
681 672 833 700 sancta
868 670 1099 704 Trinitate.

163 744 196 776 1.
225 743 250 776 Ο
278 752 385 784 regum
413 752 469 776 rex
497 744 662 785 altissime,
860 748 889 779 3.
918 747 963 778 Te
988 757 1082 778 unum
1113 746 1342 787 desideremus,

223 791 361 824 Pacifica
388 791 497 824 orbem
525 796 640 835 terrae,
918 795 952 826 In
980 804 1041 835 quo
1068 795 1168 827 solun]
1194 795 1390 835 gaudeamus

222 839 400 872 Ecclesiam
428 840 585 879 coaduna,
918 843 966 874 De
992 843 1142 883 nulloque
1168 842 1332 873 doleamus

222 887 329 920 corda
355 892 467 920 nostra
491 889 646 921 inhabita.
918 891 1000 932 Nisi,
1027 892 1099 931 quia
1127 891 1344 930 peccavimus

162 985 196 1016 2.
224 984 329 1016 Unum
356 988 459 1025 pater,
486 983 611 1026 flamen,
641 990 724 1023 nate,
858 988 889 1019 4,
919 987 1118 1026 Nostrasque
1142 985 1193 1017 fae
1217 987 1398 1027 voluntates

221 1033 259 1064 In
286 1032 378 1064 nobis
404 1033 448 1064 sis
474 1036 505 1063 et
529 1042 586 1064 nos
613 1033 644 1064 in
672 1038 713 1073 te,
917 1035 1003 1065 Tuae
1028 1036 1155 1066 omnino
1182 1033 1373 1075 conformes,

222 1079 267 1112 Ut
293 1080 351 1111 tibi
378 1080 490 1112 laudes
518 1081 625 1112 debite
919 1083 959 1115 Ut
987 1083 1094 1121 simus,
1123 1082 1195 1121 quia
1222 1083 1338 1120 vocati,

220 1127 407 1160 Reddamus
433 1129 518 1159 omni
545 1132 700 1169 tempore.
916 1131 1022 1162 Etiam
1050 1131 1095 1162 tui
1122 1130 1227 1163 electi.

492 1218 521 1247 5.
549 1216 653 1254 Quare
680 1216 824 1255 exstirpa
851 1217 938 1257 vitia,

550 1263 732 1295 Virtutibus
759 1273 816 1295 nos
843 1264 976 1304 adorna,

550 1311 588 1342 In
616 1312 694 1343 hora
720 1311 832 1343 mortis
859 1312 971 1344 ultima

549 1359 748 1392 Miserrimos
775 1369 832 1391 uos
859 1361 986 1393 adiuva.

358 1475 387 1506 g.
426 1465 484 1497 De
518 1465 603 1497 Deo
638 1471 675 1497 et
713 1466 914 1499 Omnibus
950 1467 1124 1498 Sanctis
1151 1467 1254 1501 eius.

159 1543 193 1574 1.
221 1542 440 1582 Omnipotens,
467 1543 629 1585 miserere,
851 1546 882 1577 53.
911 1544 973 1575 Sed
1001 1545 1032 1576 in
1061 1544 1196 1576 caritate
1223 1549 1335 1576 sancta

218 1591 335 1630 Maria,
361 1599 488 1630 semper
515 1592 640 1626 assiste,
910 1592 1004 1624 Nune
1027 1598 1137 1624 nostra
1163 1593 1241 1624 tiant
1267 1594 1386 1636 omnia,

218 1639 267 1670 Ne
295 1639 434 1679 deseras,
462 1639 646 1677 Benedicte‚
911 1641 953 1673 Ut
980 1642 1075 1673 vietis
1102 1641 1197 1680 eulpa
1223 1646 1253 1672 et
1281 1642 1372 1673 hoste

217 1687 343 1730 Angeli,
372 1697 429 1720 nos
456 1688 625 1720 custodite.
911 1689 1003 1720 Hanc
1031 1691 1127 1722 vitam
1156 1690 1342 1721 claudamus
1368 1691 1433 1731 pie.

158 1784 193 1817 2.
221 1783 337 1816 Omnes
363 1784 476 1824 sancti,
503 1785 681 1816 succurrite
853 1787 884 1817 4.
912 1786 1017 1824 Quare
1044 1790 1119 1817 tunc
1146 1785 1238 1817 nobis
1266 1787 1375 1818 dicere

220 1831 314 1864 Nunc
340 1840 466 1872 semper
491 1836 586 1872 atque
611 1833 739 1874 ubique,
913 1833 1091 1865 Audiamus
1117 1833 1237 1865 Christi
1262 1844 1358 1868 voce:

215 1880 260 1913 Ut
284 1890 342 1912 nos
369 1882 488 1913 crimen
514 1891 577 1912 non
604 1881 760 1922 inquinet,
914 1882 1028 1913 Venite
1056 1891 1121 1921 vos,
1150 1881 1322 1925 benedicti,

215 1929 265 1960 Ne
291 1929 378 1961 Deus
405 1933 535 1962 aeterne
563 1930 703 1962 damnet.
917 1930 1082 1962 Possidete
1109 1939 1241 1970 regnum
1268 1931 1363 1965 caeli.

488 2019 518 2049 5.
547 2016 660 2048 Gloria
686 2020 818 2048 aeterno
844 2016 923 2054 Deo,

546 2065 672 2096 Mariae
697 2069 729 2096 et
756 2065 943 2103 Benedicm,

545 2113 680 2153 Angelis
706 2116 738 2144 et
763 2113 884 2145 sanctis
910 2114 1045 2152 cunetis,

546 2161 642 2200 Quies
669 2161 712 2192 sit
737 2170 818 2194 aeva
846 2160 1018 2196 defunctis

217 2258 298 2286 Orat.
331 2267 384 2286 ms.
411 2259 441 2286 S.
470 2257 551 2284 Petri
580 2256 785 2294 Salisburgen.
817 2265 893 2284 saec.
927 2255 971 2284 15.
1001 2256 1071 2284 Cod.
1099 2257 1210 2284 Petrin.
1240 2266 1257 2284 a
1283 2258 1334 2291 IV⁷
1364 2256 1411 2285 39.
1441 2272 1477 2277 —-

139 2297 192 2325 ΝΥ.
220 2295 290 2325 15ὶ).
321 2295 356 2331 4,
384 2295 398 2324 1
421 2296 446 2325 Ο
473 2294 524 2322 via
544 2296 636 2323 Deus.
659 2310 695 2314 —
717 2295 750 2330 4,
777 2293 795 2322 4
814 2293 923 2322 Plexus
950 2305 990 2323 es.
1011 2310 1049 2314 —
1070 2297 1122 2323 Nr.
1150 2294 1216 2323 15a.
1246 2295 1278 2329 4,
1305 2295 1324 2323 4
1344 2297 1379 2324 In
1413 2296 1478 2326 fide.

141 2344 202 2372 spe.
224 2351 262 2355 —
283 2328 348 2364 Nrs
363 2334 434 2373 15g.
462 2333 494 2368 2,
520 2332 538 2361 2
567 2337 597 2361 et
621 2334 742 2369 ubique.
767 2349 799 2354 -
821 2334 872 2361 Nr.
904 2333 961 2361 15a
991 2334 1037 2361 bis
1067 2333 1128 2371 15g
1153 2335 1218 2361 sind
1240 2335 1389 2362 natfirlich
1411 2344 1478 2362 von

140 2376 200 2403 ein
226 2375 302 2403 und
330 2373 550 2402 demselben
578 2373 783 2400 Verfasser
811 2372 884 2403 und.
912 2373 951 2400 da
976 2374 1019 2400 sie
1047 2374 1078 2400 in
1106 2374 1158 2400 der
1187 2374 1291 2407 Quelle
1317 2375 1372 2401 mit
1397 2375 1480 2402 einer

139 2415 366 2450 gemeinsamen
387 2411 550 2441 Aufschrift
571 2411 616 2439 als
637 2413 697 2438 ein
717 2411 834 2440 Ganzes
855 2412 1016 2444 auftreten,
1037 2411 1101 2440 hier
1122 2412 1166 2438 als
1191 2412 1306 2440 solches
1328 2413 1477 2440 belassen.
