1653 2680
704 68 960 104 —182—

189 166 245 198 59.
274 165 340 196 Iam
367 174 426 203 pro
451 168 565 197 natura
590 165 712 202 vitium,

270 212 338 243 Iam
363 221 490 244 versum
515 216 565 244 est
588 212 622 244 in
644 212 800 254 habitum,

270 260 339 292 Iam
366 260 498 292 rationis
524 260 634 292 oculus

270 307 413 348 Caligine
439 306 655 341 confunditur.

874 167 929 200 62.
956 167 1020 199 Det
1044 166 1209 208 aspernari
1235 166 1332 198 noxia

953 215 999 247 Et
1022 215 1174 256 amplecti
1196 215 1299 255 utilia,

954 263 990 294 In
1017 271 1066 294 me
1092 262 1276 302 confringat
1300 262 1406 294 omnia

955 310 1127 342 Lutulenta
1153 311 1289 350 negotia.

187 395 242 427 60.
271 394 334 426 Sed
360 403 426 431 ora,
454 403 578 434 precor,
606 394 716 435 tilium,
874 396 927 429 63.
956 395 1010 428 Sic
1035 405 1084 427 me
1109 396 1246 428 transire
1273 395 1369 428 faciat

269 441 312 474 Ut
340 451 398 482 per
422 442 501 474 lucis
528 443 685 474 collirium
955 443 1058 476 Huius
1084 444 1194 475 mundi
1220 444 1411 485 tendiculas,

269 490 390 521 Malam
417 491 509 522 tollat
535 491 713 529 albuginem
956 491 1005 522 Ne
1030 501 1078 522 me
1105 496 1231 530 captum
1257 491 1393 523 retineat

268 538 311 569 Et
336 539 451 569 mentis
478 537 713 571 hebetudinem.
956 538 1137 570 Saecularis
1163 539 1324 571 illecebra.

189 625 246 658 61,
275 624 338 655 Per
363 624 539 663 spiritalem
565 624 701 656 faculam
877 626 932 657 64.
959 624 1007 656 Sit
1033 624 1110 656 mihi
1136 625 1260 661 ductor,
1287 624 1327 656 sit
1354 625 1418 663 via,

273 671 383 703 Solvat
411 672 535 712 peccati
561 672 719 709 nebulam,

271 720 324 750 Ad
351 720 543 758 sequendam
571 721 723 751 iustitiam

272 767 387 798 Lucem
416 767 564 798 refundat
593 768 762 806 perditam.

957 673 1025 712 Qua
1050 672 1208 704 revisatur
1233 672 1348 711 patria,

959 720 994 751 In
1023 729 1083 759 qua
1110 724 1202 758 pater
1227 724 1258 750 et
1284 719 1369 751 filius

959 768 1105 806 Regnant
1132 776 1201 798 cum
1226 771 1336 799 sancto
1363 767 1490 808 spiritu.

251 842 331 869 Orat.
359 852 411 868 ms.
439 843 618 869 ljuuedietin.
644 842 789 877 (Monial.)
813 851 888 869 saec.
916 840 990 869 ¹²t'1a.
1035 843 1105 869 (jod,
1132 844 1229 877 Capit.
1250 841 1491 877 Scaffnaburgen.

178 878 240 907 181.
263 880 297 907 A.
320 896 353 898 —
377 881 497 907 (r'ollect.
519 890 570 906 ms.
594 889 668 907 saec.
693 879 735 908 13.
758 882 797 908 in.
837 880 908 909 Cod.
928 880 1065 907 Tolosam.
1086 878 1149 907 2571.
1167 881 1197 906 B.
1219 894 1256 898 —
1277 880 1303 908 4.
1325 878 1342 906 2
1364 882 1394 907 in
1414 883 1493 907 terra

173 919 205 945 Β.
229 935 264 938 —
289 917 321 950 5,
354 919 365 946 1
392 920 487 946 Maria
509 919 646 954 splendor
666 921 779 955 gratiae
800 919 834 946 A.
854 934 892 938 —
916 917 957 951 12,
980 918 997 945 3
1018 928 1048 945 es
1070 919 1239 954 spectabilis
1264 919 1322 945 AB.
1347 934 1383 937 —
1406 916 1451 950 20,
1473 917 1492 945 4

175 959 366 984 erese-ascens
388 956 420 983 fit
439 959 472 984 B.
493 973 526 976 —
549 956 594 986 21.
617 955 634 983 2
650 956 687 984 Et
702 958 758 984 Dei
773 959 806 985 B.
823 971 861 976 —
875 955 921 989 22,
936 954 954 984 3
968 967 1010 993 sq.
1027 957 1122 983 fehlen
1137 957 1169 982 B.
1184 970 1221 975 —-
1234 954 1280 989 27,
1295 956 1313 983 4
1328 955 1398 983 Sine
1412 957 1494 983 virili

174 996 317 1060 ξὲυἱιιίὲε
337 997 366 1022 Β.
386 1010 410 1012 -
441 994 485 1060 ἐξ(
502 993 519 1022 3
535 998 606 1060 (ὐάιέ
621 997 652 1060 [Ξ
672 1012 704 1061 T*
730 994 780 1061 23}
797 993 814 1022 3
835 995 906 1061 0ιὲῑὲ
929 996 1011 1061 {eriles
1030 995 1123 1060 ¹11¹}—
1143 992 1228 1060 31‚43
1246 996 1386 1066 plsageria
1397 996 1439 1060 f.
1454 1010 1491 1014 ——

174 1050 220 1065 η,
294 1038 428 1061 actuses
474 1034 640 1065 ,--ἱ,“
699 1043 735 1060 uo
783 1035 915 1065 .—¹,
991 1035 1058 1060 'nce
1107 1047 1165 1057 .—
1229 1052 1236 1064 ,
1323 1041 1375 1059 uns
1425 1047 1492 1058 .—

174 1071 257 1098 Nach
285 1070 335 1103 41,
363 1071 381 1098 4
409 1073 437 1098 in
467 1074 487 1099 Η
514 1082 568 1099 nur
594 1072 668 1098 noch
690 1070 740 1104 51,
767 1072 784 1100 3
812 1072 871 1099 und
897 1070 930 1106 43
956 1070 1007 1103 52,
1038 1071 1050 1097 1
1075 1071 1133 1098 und
1154 1069 1171 1097 2
1193 1071 1251 1098 und
1272 1070 1317 1098 53.
1339 1087 1375 1090 —
1395 1070 1446 1103 43,
1477 1069 1491 1098 l

175 1110 256 1142 Quos
278 1110 395 1136 edidisti
417 1111 550 1145 geminus
571 1113 602 1137 Α.
619 1124 651 1127 -—
675 1109 720 1141 51,
743 1109 760 1137 3
780 1111 852 1138 Cum
867 1111 900 1137 Β.
917 1125 950 1130 —·
967 1109 1013 1141 53,
1034 1108 1051 1136 4
1067 1111 1110 1137 De
1126 1110 1200 1136 male
1217 1110 1254 1141 B;
1277 1110 1390 1145 lapsam
1405 1110 1438 1136 A.
1454 1125 1491 1130 —

175 1146 220 1176 54,
244 1147 256 1174 1
282 1149 428 1182 peccatrix
450 1149 577 1175 sordida.
598 1149 631 1175 Α.
655 1163 689 1167 -
711 1147 756 1180 54,
778 1148 795 1176 2
816 1149 916 1175 tabida
937 1149 970 1174 A.
994 1162 1027 1166 -—
1051 1146 1095 1179 62,
1118 1145 1136 1174 3
1157 1150 1272 1183 captam
1295 1149 1329 1175 A.

614 1260 672 1290 136.
716 1261 757 1290 De
779 1261 877 1291 Beata
896 1260 995 1291 Maria
1019 1260 1052 1290 V.

215 1341 244 1372 1.
272 1341 352 1375 Ave,
380 1340 468 1380 virgo
495 1340 643 1379 gloriosa,

274 1387 394 1426 Sponsa
423 1388 481 1418 Dei
508 1388 662 1428 speciosa,

320 1435 439 1467 Summi
466 1435 549 1474 regis
575 1434 744 1473 thalamus,

321 1483 487 1521 Templum
514 1482 616 1513 sancti
642 1483 784 1522 spiritus,

271 1529 431 1561 Creatoris
457 1531 593 1562 omnium

319 1577 473 1609 Genetrix
500 1582 531 1608 et
556 1577 632 1612 filia,
685 1608 688 1611 .

272 1626 317 1658 Es
343 1625 483 1657 solamen
510 1630 712 1664 peccatorum

319 1674 362 1705 Et
386 1673 539 1705 iustorum
566 1673 678 1713 gloria.

894 1341 925 1374 2.
951 1341 976 1372 O
1004 1340 1117 1376 Maria,
1145 1340 1238 1370 stella
1264 1339 1372 1373 maris,

956 1388 1117 1419 Medicina
1144 1387 1294 1418 salutaris

1002 1435 1152 1474 Corporis
1179 1439 1209 1465 et
1235 1434 1391 1475 cordium,

955 1484 991 1514 In
1017 1482 1077 1513 bac
1104 1482 1186 1513 valle
1211 1482 1413 1513 lacrimarum

1003 1529 1053 1560 Sis
1080 1531 1143 1562 dux
1171 1535 1200 1560 et
1226 1530 1378 1571 propitia,

955 1578 1000 1610 Ut
1022 1578 1056 1608 in
1081 1578 1144 1609 fine
1168 1578 1238 1610 sine
1262 1577 1326 1609 fine

954 1626 1136 1657 Mereamur
1162 1625 1341 1664 pervenire.

1002 1673 1067 1706 Ubi
1092 1674 1196 1705 sancti
1222 1681 1298 1704 voce
1322 1674 1377 1713 pia

1001 1720 1139 1752 Cantant
1164 1723 1234 1752 Ave
1259 1721 1374 1752 Maria.

253 1797 411 1825 Collectan.
435 1807 485 1824 ms.
508 1797 536 1824 S.
558 1798 671 1824 Mariae
691 1796 902 1833 Rivipellensis
923 1805 997 1824 saec.
1021 1795 1067 1823 13.
1089 1799 1127 1824 in.
1170 1796 1240 1824 Cod.
1257 1797 1384 1824 Parisin.
1405 1793 1492 1824 5132.

615 1909 673 1940 137.
715 1909 756 1939 De
777 1909 874 1939 Beata
895 1908 994 1940 Maria
1016 1909 1050 1939 V.

213 1992 244 2022 1.
272 1993 351 2027 Ave,
377 1990 477 2030 virgo,
504 1995 604 2022 mater
630 1990 694 2029 pia,

272 2038 332 2070 Dei
358 2039 501 2078 genetrix
528 2038 651 2078 Maria3

273 2086 354 2125 Ave,
379 2086 432 2118 diu
459 2086 644 2126 praedicata

273 2133 313 2165 Et
340 2134 449 2174 figuris
477 2136 703 2166 demonstrata.

897 1991 928 2024 3.
953 1991 1032 2030 Ave,
1060 1991 1149 2029 virgo
1175 1990 1325 2030 gloriosa,

956 2038 1016 2069 Dei
1042 2042 1144 2069 mater
1169 2039 1325 2077 speciosa,

956 2087 1037 2125 Ave,
1064 2085 1145 2117 caeli
1175 2087 1281 2117 nitens
1307 2089 1411 2126 porta,

958 2134 1021 2165 Per
1041 2142 1133 2172 quam
1157 2133 1252 2165 terris
1269 2133 1324 2165 lux
1342 2136 1391 2164 est
1408 2135 1492 2165 orta.

215 2222 247 2252 2.
277 2221 357 2255 Ave,
385 2221 474 2260 virgo
499 2221 584 2260 patri
611 2228 695 2260 cara,
900 2221 931 2252 4.
958 2221 1038 2257 Ave,
1066 2220 1156 2258 virgo
1181 2220 1250 2251 Deo
1275 2222 1367 2260 grata

275 2268 351 2300 Plus
370 2277 462 2308 quam
481 2268 528 2300 sol
547 2272 577 2300 et
595 2267 689 2299 stella
705 2267 801 2309 clara,

273 2316 354 2355 Ave,
382 2315 501 2348 Christi
527 2320 631 2348 mater
655 2315 783 2356 munda,

273 2365 390 2398 Sancto
416 2365 531 2404 spiritu
557 2363 705 2396 fecunda,

958 2267 1002 2299 Et
1027 2267 1067 2298 ab
1092 2268 1163 2307 ipso
1186 2271 1383 2306 consecrata,

959 2317 1040 2354 Ave,
1059 2315 1194 2355 pulchra
1211 2315 1283 2356 plus
1297 2324 1391 2356 quam
1403 2315 1491 2358 luna,

960 2364 1059 2402 Quam
1085 2363 1198 2395 fideles
1223 2368 1338 2404 petunt
1363 2373 1436 2398 una.
