1651 2680
718 93 956 128 -23-

702 191 763 223 Ad
798 190 966 224 Filium.

246 255 313 288 Fili
338 255 400 289 Dei
425 261 458 290 et
481 257 618 300 Mariae,
882 259 937 292 10.
965 257 1072 290 Grave
1096 261 1170 289 tuae
1196 257 1298 288 crucis
1323 265 1412 297 onuS‚

248 303 353 336 Purae
378 304 512 345 virginis
539 309 568 336 et
595 305 679 345 piae,
964 307 1000 338 ln
1027 315 1090 346 qua
1114 309 1237 337 tractus
1264 310 1293 336 et
1321 307 1484 343 extensus,

249 351 324 385 Tibi
349 355 467 393 grates,
495 353 568 385 Iesu
594 353 685 393 bone,
965 354 1044 386 Cum
1071 353 1249 385 latronibus
1275 361 1448 392 suspensus

247 399 363 432 Reddo
389 409 459 432 cum
483 401 663 441 devotione,
964 402 1090 441 Manus,
1116 401 1214 441 pedes
1240 400 1403 441 laceraris,

190 451 223 482 5.
248 449 340 488 Quod
362 451 397 480 tu
415 457 473 488 pro
491 458 541 480 me
559 452 672 490 sponte
689 450 805 490 laesus,
964 449 1027 482 Cor
1052 453 1084 480 et
1110 450 1192 481 latus
1219 448 1407 489 perforatis,

249 496 355 536 Virgis
382 500 413 528 et
438 495 575 536 flagellis
602 506 723 537 caesuS‚
880 498 935 532 15.
961 499 1029 537 Quo
1055 498 1100 528 sic
1127 506 1227 536 aquae
1254 496 1358 528 fontes
1386 496 1450 527 vivi

247 543 353 584 Caput,
378 545 479 584 spinis
504 549 684 585 coronatus,
962 544 1118 581 Effluunt‚
1147 546 1268 576 cruoris
1296 544 1367 581 rivi,

248 592 378 629 Palmis‚
407 593 521 634 pugnis
548 593 746 634 verberatus,
961 593 1020 633 Qui
1047 602 1103 624 nos
1129 593 1235 624 lavent
1260 602 1279 623 a
1304 592 1446 632 peccatis

246 639 339 681 Fers,
357 641 397 672 ad
415 644 548 672 mortem
564 641 677 679 lassus,
698 651 817 681 pronus
963 641 1109 678 Cunctis,
1137 650 1262 680 precor,
1290 640 1497 680 perpetratis.

559 729 620 760 Ad
653 728 865 768 Spiritum
901 728 1113 761 Sanctum.

247 793 388 834 Spiritus
414 799 524 826 sancte
549 800 580 826 te
605 795 713 834 laudo,
960 797 997 828 In
1025 795 1180 827 medelam
1208 795 1391 833 condidisti,

246 842 446 874 Benedicens
473 843 532 874 tibi
558 843 688 883 plaudo,
959 843 1376 883 Quaequodsumam‚dato,
1389 843 1496 885 digne,

247 888 400 922 Infudisti
428 891 504 922 mihi
530 892 659 932 planam
882 892 936 925 10.
965 892 1009 923 Ut
1035 892 1093 923 sim
1120 892 1202 922 malo
1228 891 1310 922 liber
1335 891 1408 930 igne

247 939 363 970 Veram
389 938 484 970 fidem
512 939 738 978 Christianam,
962 940 1006 971 Et
1031 941 1154 971 intrare
1180 948 1291 979 queam
1318 939 1478 978 thronum,

186 988 218 1019 5.
246 985 317 1018 Non
344 987 494 1027 gentilem
522 987 710 1018 indirectam
964 987 1028 1020 Ubi
1056 992 1165 1027 regnat
1192 996 1347 1018 summum
1366 987 1494 1025 bonum,

248 1034 317 1065 Nec
342 1035 494 1066 Iudaeam
519 1034 760 1075 imperfectam3
964 1037 1069 1074 Pater,
1097 1039 1200 1076 natus,
1225 1044 1348 1066 sacrum
1368 1034 1495 1074 flamen,

245 1083 454 1115 Sacramenta
479 1092 602 1123 quoque
630 1083 750 1115 Christi
963 1083 1053 1115 Unus
1079 1092 1206 1123 semper
1232 1083 1329 1115 Deus.
1380 1084 1495 1117 Amen.

249 1158 329 1185 Orat.
353 1167 405 1185 ms.
426 1159 617 1191 Pollingense
639 1168 715 1185 saec.
740 1158 783 1185 15.
806 1159 879 1186 Clm.
901 1160 1054 1186 Monacen.
1079 1157 1185 1186 11917.
1208 1174 1243 1178 —
1266 1159 1315 1185 Ad
1336 1159 1496 1191 Patrem,

172 1195 190 1224 9
208 1205 309 1224 omnes
331 1197 412 1224 fehlt.
431 1211 468 1215 —
492 1195 526 1223 12
547 1206 626 1224 meas
648 1199 734 1224 vires.
756 1212 793 1216 —
815 1195 852 1223 25
874 1198 955 1224 Dans
978 1208 1022 1224 nie
1047 1198 1193 1233 paterlioc.
1217 1213 1250 1217 ——
1273 1198 1324 1224 Ad
1343 1198 1496 1230 Filium,

169 1233 210 1301 l133
230 1235 338 1300 Μῗηυε
360 1240 389 1262 et
409 1235 506 1271 pedeS.
528 1250 563 1253 —
590 1235 622 1262 15
644 1244 721 1271 aqua
742 1236 840 1263 fontis.
860 1251 898 1254 —
918 1236 969 1263 Ad
991 1238 1188 1271 Spiritum,
1214 1236 1225 1263 1
1250 1241 1277 1263 tc
1299 1237 1443 1263 collaudo.
1459 1251 1497 1254 —

227 1282 266 1300 Ila
281 1282 304 1300 Ε.

306 1367 347 1398 15.
392 1366 518 1405 „Oratio
540 1366 577 1398 de
599 1367 799 1398 sanctissima
820 1367 976 1398 Trinitate
999 1371 1029 1398 et
1052 1368 1194 1398 omnibus
1216 1368 1364 1399 sanctiss*

481 1458 510 1480 a.
549 1448 606 1480 De
641 1448 924 1480 sanctissima
957 1449 1191 1483 Trinitate.

189 1528 221 1560 1.
248 1525 274 1558 Ο
301 1525 428 1557 trinitas
454 1525 650 1565 sempiterna
903 1528 933 1559 3.
962 1527 1127 1558 Laudibus
1154 1528 1216 1557 tuis
1243 1528 1391 1566 mancipa

246 1573 426 1614 Unitasque
451 1574 662 1615 sanctissima,
962 1574 1028 1606 Nos
1056 1575 1200 1606 totaliter
1225 1579 1256 1606 et
1282 1579 1392 1606 nostra

245 1621 333 1654 Deus
359 1622 498 1653 omnium
525 1626 662 1661 creator,
962 1623 1166 1662 Caritateque
1195 1622 1342 1663 fecunda,

245 1670 365 1702 Rector
388 1675 483 1710 atque
511 1674 727 1704 conservator.
958 1671 1086 1703 Mentes
1111 1675 1236 1703 nostras
1264 1672 1294 1703 in
1322 1676 1352 1703 te
1378 1672 1480 1705 firma.

184 1748 218 1781 2.
245 1747 350 1779 Visita
376 1751 406 1779 et
432 1748 577 1779 illumina
900 1750 932 1781 4.
960 1749 1005 1780 Ut
1031 1748 1090 1779 tibi
1116 1749 1188 1788 soli,
1216 1749 1363 1789 Domine,

244 1795 297 1828 Ab
324 1795 472 1836 omnique
497 1796 570 1828 labe
595 1796 714 1828 munda
960 1797 1141 1828 Timeamus
1169 1797 1342 1838 displicere

242 1844 416 1876 Horrenda
443 1848 472 1875 et
499 1844 672 1876 tenebrosa
960 1845 1003 1876 Et
1029 1845 1214 1877 studeamus
1243 1846 1372 1885 placere

243 1892 360 1925 Cordis
386 1893 487 1924 nostri
514 1892 661 1924 latibula.
940 1888 1076 1930 Corde,
1104 1903 1159 1925 ore
1186 1898 1216 1924 et
1243 1903 1350 1933 opere.

549 1963 580 1993 5.
607 1962 713 2001 Quare
739 1969 797 1992 nos
823 1964 879 1992 tua
903 1969 1013 1999 opera,

610 2010 647 2041 In
674 2013 706 2040 te
732 2009 834 2040 solum
861 2009 1036 2050 sperantia,

612 2057 664 2089 Ab
690 2058 776 2089 omni
802 2057 886 2088 malo
912 2057 1013 2088 libera

610 2106 772 2146 Bonisque
797 2105 944 2137 omnibus
972 2106 1050 2138 dita.

481 2193 513 2226 b.
553 2192 706 2225 Oratio
743 2193 791 2224 de
826 2192 953 2224 beata
989 2193 1182 2232 Virgine.

179 2262 212 2296 1.
239 2261 265 2294 Ο
293 2261 470 2293 triclinium
499 2260 608 2292 nobile
902 2261 934 2294 2.
962 2260 1077 2297 Maria,
1106 2265 1207 2292 mater
1233 2262 1366 2303 gratiae,

243 2309 416 2343 Trinitatis
442 2309 674 2348 sanctissimae,
961 2309 1069 2341 Mater
1093 2309 1344 2348 misericordiae,

241 2358 334 2391 Hera
359 2357 509 2390 caelestis
535 2356 672 2399 patriae,
962 2356 1096 2397 Semper
1121 2357 1162 2389 ab
1188 2358 1279 2390 hoste
1305 2362 1438 2400 protego

243 2406 313 2439 Nos
339 2406 467 2439 exsules
494 2405 670 2438 consolare.
962 2405 1006 2437 Et
1032 2406 1064 2437 in
1091 2410 1192 2438 morte
1220 2416 1276 2438 nos
1303 2407 1440 2447 suscipe.
