1651 2680
638 113 876 149 -67—

110 209 166 242 23.
193 207 278 240 Nam
301 208 406 248 patris
431 208 600 241 consilium

239 255 350 289 Palam
376 258 426 287 est
450 260 623 297 ostensum,

192 303 314 336 Dolens
339 303 464 344 plasma
493 305 659 344 proprium

238 351 322 384 Dolo
349 351 595 394 deprehensum,

190 399 255 431 Dat
279 408 338 439 pro
365 400 468 431 servis
493 399 606 439 filium,

240 447 318 479 Eius
343 455 402 487 per
426 455 593 479 ascensum

193 494 304 527 Crucis
329 503 388 536 per
413 496 601 535 martyrium

242 542 368 582 Corpus
394 547 443 574 est
468 547 645 576 extensum.

108 621 162 653 24.
192 618 296 651 Solem
322 619 355 650 in
381 619 571 660 praesaepio

238 667 310 698 Nox
336 670 443 706 stupet
470 676 650 706 accensum,

192 714 290 755 Virgo
316 713 404 746 fovet
428 715 548 755 gremio

240 763 412 794 Parvulum
438 763 644 805 immensum;

192 811 260 851 llle,
289 811 378 842 cuius
405 810 538 843 brachio

238 858 368 890 Caelum
394 862 443 890 est
469 863 646 900 extensum,

192 906 347 938 Subditur
371 907 518 948 imperio,

237 954 368 986 Caesari
396 955 450 986 dat
477 964 616 988 censum.

107 1031 163 1064 25.
190 1031 278 1062 Inter
304 1031 383 1062 haec
409 1033 585 1071 crepundia

234 1079 304 1111 Deo
331 1080 522 1111 decantatur

189 1126 225 1158 In
251 1127 387 1158 excelsis
414 1127 526 1167 gloria,

238 1175 304 1206 Pax
331 1175 362 1206 in
390 1176 486 1206 terris
513 1175 627 1216 datur·‚

190 1222 328 1254 Currunt
355 1223 529 1262 evangelia,

234 1270 332 1302 Fides
358 1271 544 1311 seminatur,

191 1318 233 1349 Et
259 1318 299 1350 ab
324 1319 477 1350 idolatria

236 1367 376 1399 Mundus
399 1371 579 1399 revocatur.

801 212 856 244 26.
882 211 954 243 Non
981 214 1029 242 est
1054 219 1134 250 opus
1159 210 1295 243 hominis

797 622 852 654 27.

796 1032 851 1064 28.

928 258 997 290 Nec
1022 267 1102 298 opus
1128 262 1261 291 naturae

881 307 998 339 Partus
1023 310 1150 338 nostrae
1176 306 1320 347 virginis,

930 355 1018 394 Quae
1044 354 1084 385 de
1109 355 1215 387 carnis
1241 355 1310 386 iure

883 401 973 433 Nihil
999 402 1097 433 traxit
1124 402 1247 434 ordinis

931 449 1069 481 Nostrae
1095 450 1269 490 geniturae,

883 497 947 529 Sed
973 500 1021 528 est
1047 497 1116 528 vice
1142 497 1271 528 seminis

929 544 1028 576 Fides
1054 544 1228 584 pariturae.

880 621 973 652 Felix
998 621 1203 660 puerperium

928 669 988 700 Dei
1009 668 1191 707 genetricis,

881 716 971 748 Nihil
997 715 1118 747 habens
1145 716 1309 756 proprium

928 764 1042 797 Carnis
1067 765 1275 803 peccatricis,

882 812 1024 851 Angelus
1050 810 1190 843 officium

931 859 1023 891 Gerit
1048 858 1230 891 obstetricis

880 907 922 939 Et
949 906 1064 946 Ioseph
1090 906 1277 947 obsequium

928 955 1060 986 Baiulae
1088 956 1232 987 nutricis.

883 1031 945 1063 Sed
973 1031 1046 1062 dum
1074 1032 1159 1070 parit
1188 1031 1286 1062 filium

928 1079 1025 1118 Virgo
1052 1080 1205 1118 gloriosa,

880 1126 982 1158 Sentit
1010 1127 1085 1158 solis
1113 1128 1238 1159 radium

925 1175 1038 1206 Turris
1064 1174 1228 1214 nebulosa,

880 1223 1056 1254 Multitudo
1083 1224 1223 1261 gentium

930 1271 1039 1302 Credit
1067 1281 1248 1311 numerosa,

879 1318 921 1349 Et
947 1319 1066 1350 Christi
1093 1320 1281 1360 mysterium

930 1367 1021 1398 Patet
1047 1367 1116 1398 sine
1143 1368 1243 1408 glosa.

171 1441 291 1469 Collect.
312 1451 365 1469 ms.
377 1442 556 1469 Glunicense
577 1450 652 1470 saec.
680 1441 722 1470 13.
746 1442 816 1469 Cod.
833 1443 954 1469 Lincen.
971 1442 1016 1469 Cc.
1041 1443 1068 1469 ΙΙ
1093 1441 1136 1470 15,
1158 1458 1194 1463 -
1212 1442 1254 1475 10,
1277 1442 1295 1470 4
1310 1444 1420 1471 Noster

97 1480 175 1508 Deus
196 1480 288 1508 luens.
306 1495 343 1499 —
363 1479 405 1513 16,
427 1479 444 1508 8
466 1482 523 1515 Qui
544 1490 612 1508 non.
633 1496 670 1499 —
691 1479 738 1515 23,
760 1480 776 1508 7
798 1490 841 1516 sq.
863 1490 920 1507 von
943 1482 1074 1516 spatcrer
1095 1481 1192 1510 Hand.

487 1583 536 1614 44.
578 1583 619 1615 De
640 1583 863 1616 lucar-natione
886 1583 1016 1615 Domini.

107 1659 137 1692 1.
164 1660 289 1692 Intacta
315 1660 437 1692 viscera

211 1708 352 1740 Pudicae
377 1708 511 1748 virginis

167 1755 333 1788 Fuderunt
358 1755 491 1788 foedera

210 1803 270 1836 Dei
297 1808 327 1836 et
353 1805 500 1845 hominis,

162 1853 300 1885 Paterna
327 1852 472 1892 dextera,

211 1901 339 1933 Virtute
364 1902 504 1933 numinis

163 1949 292 1981 Exemit
317 1950 441 1982 scelera

210 1997 370 2030 Primaevi
397 1998 549 2030 criminis.

105 2081 136 2112 2.
166 2079 302 2112 Pudor-is
327 2080 429 2112 lilium

211 2128 329 2160 Matris
355 2128 531 2160 intemerae

161 2176 317 2208 Tonantis
343 2175 443 2208 filium

211 2225 326 2257 Traxit
351 2225 391 2256 ab
418 2225 559 2263 aethere,

161 2273 280 2305 Mirum
309 2273 548 2311 commercium,

209 2321 328 2354 Divino
354 2329 486 2353 munere

159 2370 226 2403 Init
251 2369 447 2402 consortium

205 2418 306 2451 Dives
332 2426 404 2450 cum
430 2424 585 2459 paupere.

795 1663 826 1695 3.

798 2081 830 2113 4.

854 1660 1100 1693 Misericordiae

901 1709 1004 1741 Obvia
1029 1709 1159 1748 veritas,

855 1757 947 1790 Cedit
975 1757 1117 1788 laetitiae

902 1805 998 1844 Legis
1024 1807 1192 1846 asperitas,

854 1853 923 1885 Stat
951 1853 1038 1884 locus
1066 1854 1189 1895 veniae,

906 1902 1001 1932 Cadit
1027 1901 1186 1940 impietas,

857 1949 938 1981 Dum
967 1958 1073 1990 regem
1100 1950 1220 1989 gloriae

906 1998 995 2029 Parit
1023 1997 1199 2036 virginitas.

858 2079 966 2120 Moysi
992 2079 1116 2118 virgula

906 2127 1086 2158 Draconem
1113 2127 1229 2171 induit,

857 2176 983 2208 Mutata
1011 2173 1147 2208 formula

907 2223 1036 2263 Virgam
1063 2223 1241 2265 abhorruit,

855 2271 968 2303 Carnis
995 2270 1181 2304 umbracula

905 2320 1008 2351 Verae
1035 2319 1109 2350 dum
1134 2322 1243 2361 coluit,

854 2367 969 2399 Mundi
995 2367 1122 2408 piacula

903 2416 990 2448 Deus
1016 2415 1193 2452 absorbuit.

1203 2472 1243 2501 5*
