1651 2680
683 108 921 144 -79—

153 204 211 238 13.
235 204 320 246 Quid
346 204 387 236 de
414 203 488 236 Iesu
513 203 621 236 medio

283 251 396 284 laudes
421 251 530 292 lingua
555 251 664 284 tacet?

232 299 364 333 Medius
389 302 439 332 est
463 299 632 331 ambulans

283 355 421 388 operans
447 350 480 378 et
504 348 600 387 iacet,

236 395 396 437 Pendens,
423 398 512 427 stans
538 400 571 426 et
596 404 744 429 reserans

283 443 419 475 mediat-i
445 443 564 483 placet,

235 492 332 530 Reor,
359 491 444 531 quod
471 491 635 532 mysteriis

284 539 330 571 nil
355 548 394 571 ex
420 543 542 580 septem
571 542 673 573 vacet.

153 672 207 706 14.
237 673 305 706 Ens
330 683 349 705 a
375 676 469 713 patre
494 673 630 712 suscipit

282 721 391 761 proles
418 721 598 763 entitatem,

235 769 314 802 Cum
341 772 434 809 pater
459 769 620 809 ingenitus

283 817 338 849 det
363 817 577 854 nativitatem,

234 865 305 897 Hoc
332 873 402 896 esse
428 873 487 905 per
512 865 649 896 mediam

284 914 358 945 Iesu
383 913 564 953 largitatem

235 962 271 992 In
298 965 480 992 manantem
507 962 640 1001 spiritus

281 1009 398 1041 transit
423 1007 608 1041 bonitatem.

155 1143 208 1176 15.
237 1143 413 1176 Ambulant
438 1143 649 1175 ierarchicam

281 1192 366 1223 inter
391 1192 582 1230 contionem,

236 1239 388 1273 lerarcha
414 1248 484 1270 cum
511 1239 633 1279 angelis

282 1287 337 1320 dat
363 1288 600 1328 purgationem,

233 1336 298 1368 Dat
323 1334 484 1376 infulgens
509 1335 634 1366 medius

281 1384 527 1415 illustrationem

236 1432 528 1471 Consummansque
555 1431 651 1463 tertio

283 1480 338 1512 dat
365 1478 607 1520 profectionem.

150 1610 205 1643 16.
234 1610 374 1642 Salutem
401 1610 433 1641 in
460 1609 566 1641 medio

280 1662 387 1690 terrae
412 1657 563 1697 faciebat,

232 1707 391 1738 Terrenos
417 1706 457 1738 ab
484 1706 570 1738 invio

282 1763 398 1787 vocans
424 1753 612 1794 reducebat,

232 1803 270 1835 In
296 1803 395 1835 limbo
421 1806 564 1834 tartareo

282 1851 407 1884 clausos
434 1850 578 1890 eruebat,

233 1899 363 1932 Summa
389 1899 470 1931 mun=
498 1898 609 1930 caelici

280 1948 439 1980 scandens
467 1946 633 1978 celsiebat.

847 207 903 241 17.
930 207 1019 239 Iacet
1043 205 1128 238 inter
1151 206 1305 246 populum

975 254 1078 286 Israel
1103 253 1252 286 bovinum

928 301 1151 341 Gentilemque
1177 302 1300 334 medius

977 353 1100 381 coetum
1124 350 1293 388 asininum,

929 397 1086 437 Angulari
1113 397 1222 437 lapide

977 445 1073 476 ritum
1099 445 1230 485 iungens
1256 445 1377 483 binum,

929 492 989 523 His
1015 492 1156 524 eiusdem
1182 492 1258 524 fidei

975 540 1068 572 iubar
1094 540 1149 572 dat
1176 540 1329 572 divinum.

846 675 900 707 18.
927 673 1116 707 Duodennis
1141 675 1246 706 medio

975 721 1122 753 considet
1148 723 1324 760 doctorum,

927 770 995 802 Hos
1021 778 1177 809 quaerens
1203 774 1233 802 et
1260 769 1393 802 audiens

977 818 1017 849 de
1044 818 1192 850 doctrina
1218 827 1351 856 morum,

929 866 1056 897 Docens
1082 866 1331 906 imprudentiam

979 922 1105 944 caecam
1132 919 1331 946 terrenorum

930 962 967 993 In
995 962 1117 992 cunctis
1144 962 1309 993 consulere

975 1018 1100 1040 sensum
1128 1010 1314 1050 peritorum.

847 1144 901 1177 19.
928 1143 999 1176 Stat
1025 1144 1111 1175 inter
1138 1145 1313 1184 discipulos

974 1192 1119 1231 pandens
1146 1193 1324 1229 cicatrices,

928 1240 1079 1272 Confiteri
1108 1241 1217 1281 patule

977 1289 1095 1319 docens
1122 1287 1281 1328 infelices,

928 1336 970 1368 Ut
998 1341 1119 1367 mentes
1145 1336 1303 1368 confessio

975 1388 1088 1423 purget
1115 1385 1331 1425 peccatrices;

927 1432 995 1463 Nec
1021 1432 1080 1463 hoc
1106 1434 1203 1464 semel
1232 1432 1369 1469 factitat,

975 1480 1031 1511 sed
1058 1489 1117 1520 per
1143 1482 1252 1521 plures
1275 1481 1370 1514 vices.

843 1611 900 1643 20.
925 1610 1053 1642 Reddet
1078 1611 1176 1643 iudex
1203 1611 1326 1642 medius

976 1659 1134 1690 discretor
1159 1668 1297 1701 reorum,

927 1708 1016 1739 Iusta
1042 1707 1133 1738 lance
1159 1708 1342 1749 ponderans

976 1763 1086 1785 causas
1113 1756 1310 1792 meritorum,

927 1802 1113 1834 Obstinatos
1140 1803 1313 1834 fulminans

976 1850 1087 1890 poenis
1114 1855 1318 1887 tartarorum,

927 1898 1132 1930 Paenitentes
1158 1900 1340 1939 praemians

977 1955 1073 1986 regno
1100 1946 1276 1980 beatorum.

479 2077 535 2108 21.
564 2074 691 2114 Ubique
717 2075 915 2116 conspicitur

611 2123 678 2155 iota
701 2123 896 2161 medianum,

564 2171 694 2204 Summa
718 2171 850 2211 placans
876 2170 993 2203 infimis

610 2219 674 2251 iter
699 2218 777 2252 fecit
803 2219 945 2259 planum,

561 2268 626 2301 Per
650 2268 736 2308 quod
762 2268 901 2300 mundus
924 2267 1070 2307 graditur

611 2315 654 2347 ad
680 2316 985 2356 supermundanum,

562 2364 646 2396 Dum
673 2363 805 2397 verbum
831 2372 894 2396 vox
921 2372 1107 2406 consonanS,

611 2421 728 2454 corpus
752 2411 790 2444 fit
815 2411 998 2444 humanum.
