1651 2680
656 64 916 99 -314-

481 160 544 191 291.
584 159 662 191 Nisa
682 158 720 190 do
740 165 765 189 e.
786 155 942 188 willelmo
964 155 1088 187 comite.

364 233 516 260 Introitus.

141 302 157 334 1
167 327 172 334 .
198 300 314 331 Omnes
339 293 533 327 confitemini

249 346 327 385 Deo,
354 343 428 384 quia
454 343 565 382 bonus,

201 394 298 426 Cuius
323 393 429 432 iugum
455 389 596 422 suaviter

246 442 315 474 leve
341 439 444 472 fertur
468 447 557 476 onus,

200 490 252 522 Ad
278 489 408 521 laudum
435 485 605 526 praeconia

247 540 357 577 surgat
381 535 513 576 quisque
538 541 669 573 pronus,

200 586 257 618 Cui
284 584 385 616 servit
409 587 497 614 terra

246 632 385 664 caelicus
410 635 504 670 atque
529 629 672 660 thronus.

371 715 514 743 officium.

144 783 175 815 2.
201 782 303 820 Dona,
332 779 468 817 Christe
497 776 604 808 comiti

248 828 385 868 requiem
409 831 582 863 aeternam,

205 877 423 916 Consequatur
448 873 551 913 gratia

248 925 349 955 lucem
375 923 610 961 sempiternam,

201 972 357 1009 Christus
382 979 440 1009 pro
465 977 526 1009 quo
551 969 718 1008 spreverat

250 1018 383 1058 gloriam
409 1018 603 1057 modernam,

200 1066 362 1098 Laudibus
388 1074 425 1096 ac
451 1064 576 1103 hymnis

250 1113 331 1144 ferat
349 1113 391 1144 ad
409 1112 484 1143 Sion
501 1111 556 1142 ille
574 1119 753 1150 supernam.

387 1199 497 1223 (natio.

145 1264 176 1295 3.
205 1262 336 1301 Inclina,
364 1261 543 1291 misericors

250 1309 334 1340 Deus
361 1307 544 1347 maiestatis,

204 1356 396 1388 Lucrimosis
422 1354 571 1394 precibus

249 1413 341 1434 aures
367 1403 506 1443 pietatis,

202 1453 360 1491 Rogamus
387 1451 584 1482 clementiam

248 1507 387 1530 summae
414 1498 555 1529 deitatis:

202 1547 327 1578 Gaudia
353 1546 515 1577 Willelmo

249 1594 298 1633 da,
327 1594 437 1633 kyrie,
466 1593 535 1625 fons
563 1594 724 1627 bonitatis.

371 1679 515 1714 Epistula.

142 1746 175 1776 4.
197 1743 296 1774 Libro
321 1746 447 1781 sumpta
473 1742 567 1772 lectio

251 1790 290 1821 de
315 1789 598 1829 Maccahaeorum;

200 1837 296 1870 Iudas
322 1837 371 1868 vir
397 1837 598 1880 fortissimus,

247 1886 411 1917 collectam
438 1885 589 1916 bonorum

201 1933 289 1965 Misit
317 1934 543 1971 lerosolymam

247 1990 304 2021 pro
332 1979 424 2012 factis
450 1990 586 2020 reorum,

201 2029 319 2060 Delicti
345 2030 467 2060 veniam

249 2086 381 2115 sperans
408 2086 466 2116 per
490 2086 601 2109 mallus
636 2086 755 2111 eorum.

376 2163 511 2190 Gradale.

147 2224 178 2255 5.
206 2221 357 2259 Requiem
385 2222 550 2260 spiritibus

254 2268 336 2300 dona
364 2268 584 2301 defunctorum

207 2317 247 2348 Et
276 2325 328 2347 eos
354 2326 371 2347 a
399 2317 532 2348 nexibus

253 2365 341 2396 solve
369 2365 567 2403 delictorum,

848 906 878 937 7.

906 226 957 259 De
982 225 1153 267 profundis
1179 223 1345 256 clamitant

955 283 1050 307 voces
1074 276 1290 314 peccatorum,

907 323 993 362 Quas
1019 322 1133 355 audire
1160 321 1248 362 velis,

954 370 1155 411 Deus‚unica
1161 377 1235 408 spes
1243 368 1442 400 miserorum.

1022 441 1231 477 Evangelium.

907 494 1048 535 Sequens
1074 493 1273 534 evangelium

954 543 1007 574 hic
1032 551 1090 582 per
1116 542 1236 573 Lucam
1263 540 1368 575 datur,

908 591 1003 624 Panis
1029 590 1091 622 Dei
1116 588 1200 620 filius

954 639 1046 670 vivus
1070 640 1283 678 nuncupatur,

907 687 1039 724 Vivent,
1062 685 1115 725 qui
1143 683 1350 724 comederint,

956 733 1070 773 quibus
1097 742 1181 764 mors
1208 735 1352 773 negatur,

908 781 1078 821 Sanguinis
1104 781 1136 811 in
1162 783 1242 820 potu

956 829 1043 860 virus
1060 829 1175 868 procul
1194 835 1287 858 omne
1302 825 1439 865 fugatur.

905 905 1115 937 Praesumunt
1141 903 1293 936 Iudaicae

955 956 1066 992 gentes
1093 951 1258 992 admirari,

909 1001 1083 1041 Quaerunt,
1113 1007 1186 1030 caro
1215 997 1374 1038 quomodo

955 1048 1058 1087 possit
1084 1046 1284 1086 manducari,

907 1095 1038 1127 Modum
1067 1098 1234 1135 quaerunt,
1263 1093 1426 1133 sanguinis

955 1143 989 1174 in
1015 1152 1076 1182 quo
1103 1146 1212 1181 potum
1239 1142 1311 1173 dari

909 1190 1062 1223 Convenit
1088 1189 1148 1230 his,
1175 1199 1254 1228 quos
1282 1189 1348 1220 vult

955 1238 1041 1269 Deus
1066 1238 1100 1269 in
1125 1237 1261 1268 sublime
1285 1236 1397 1268 locari.

875 1339 882 1346 .
908 1315 985 1353 Ipsa
1011 1313 1137 1344 demum
1163 1314 1282 1345 veritas

955 1361 1064 1392 dicens
1090 1364 1275 1392 attestatur:

908 1410 1041 1442 Carnem
1067 1418 1130 1440 non
1155 1408 1358 1440 vescentibus

955 1458 1022 1488 vita
1050 1457 1236 1496 denegatur,

909 1505 968 1544 Qui
994 1513 1056 1536 non
1083 1509 1188 1544 gustat
1215 1504 1380 1544 sanguinis

956 1556 1076 1591 potum,
1103 1553 1334 1584 condemnatur

909 1599 951 1632 Et
978 1609 1036 1639 per
1062 1603 1277 1639 contemptum

956 1648 1017 1679 sibi
1042 1657 1126 1679 mors
1151 1649 1269 1679 iterata
1301 1652 1445 1688 paratur.

1031 1719 1226 1746 Offertorium.

875 1794 882 1801 .
909 1768 1039 1801 Gloriae
1066 1777 1132 1804 rex,
1159 1768 1282 1800 animas

957 1817 1045 1848 salva
1071 1815 1294 1848 defunctorum

911 1864 952 1896 Et
980 1864 1149 1903 depressas
1175 1863 1278 1896 libera

957 1913 1040 1943 mole
1065 1916 1280 1952 peccatorum,

913 1959 1053 2000 Signifer
1078 1959 1289 1999 archangelus

958 2007 1100 2038 Michael
1125 2007 1259 2039 istorum

909 2055 962 2088 Ad
988 2055 1092 2086 lucem
1119 2055 1224 2093 ducat,

960 2103 1013 2142 qui
1031 2111 1104 2142 spes
1123 2107 1171 2133 est
1186 2107 1273 2136 certa
1288 2103 1447 2139 laborum.

1064 2174 1192 2200 Secreta.

835 2223 888 2256 10.
917 2222 1046 2254 Hostias
1072 2221 1232 2254 offerimus

963 2269 1067 2310 plebis
1093 2279 1152 2310 pro
1177 2271 1331 2314 peccatis,

916 2319 978 2349 Pro
1005 2317 1086 2348 vivis
1111 2322 1142 2348 te
1168 2319 1306 2358 petimus

962 2365 1057 2398 morti
1082 2364 1170 2398 ferae
1197 2366 1281 2399 datis

1646 366 1647 369 2
1599 0 1651 344 Qua-n

1642 706 1647 719 ⁶
1636 599 1651 699 ἁμμ-
