1651 2680
708 94 970 130 —201—

183 191 217 224 3.
244 189 270 223 0
295 198 388 230 quam
416 188 590 232 laudanda,
961 192 1100 224 Domina

242 237 378 272 Beanda
964 240 1123 279 Piissima,

244 285 352 318 Mater
378 284 452 324 Dei,
964 288 1096 320 Praesta
1121 287 1286 327 auxilium,

245 334 385 366 Nostrae
410 333 479 373 spei
961 336 1074 375 Tuum,
1101 335 1255 376 genetrix,
1284 334 1383 366 filium

243 382 380 414 Domina
963 384 1030 416 Fac
1057 383 1241 424 propitium.

244 430 292 461 Tu
317 429 478 470 pmpitia!
904 454 935 483 5.
960 451 1053 482 Assis
1080 450 1170 482 nobis

1010 499 1105 530 modo
1133 498 1276 535 celerius,

184 547 216 578 4.
244 545 329 577 Rosa
354 543 503 585 fragrans
963 546 1010 577 Te
1036 547 1229 585 invocamus,

290 592 543 633 misericordiae,
962 594 1156 631 Laudamus,

240 640 329 673 Pelle
355 641 410 679 pia
962 642 1078 683 Mater,
1106 641 1182 681 filia,

243 687 362 720 Nostra
388 688 475 728 vitia,
962 689 1028 721 Nos
1054 694 1108 721 tuo
1134 693 1208 720 nato
1236 689 1420 727 reconcilia,

243 736 329 775 Quae
355 736 494 776 genuisti
961 738 1060 778 Virgo
1088 746 1172 777 vere,

292 793 398 825 regem
425 784 578 816 omnium.
708 781 717 788 ”
961 785 1070 817 Nostri
1097 785 1260 816 miserere.

247 850 368 917 Οῗιίἐθεῐ.
399 859 452 878 ms.
481 851 510 877 S.
539 850 670 876 Floriani
701 860 776 878 saec.
807 849 852 879 13.
879 855 909 878 et
939 850 982 878 14.
1025 852 1094 878 Cod.
1118 851 1246 878 Florian.
1269 852 1310 878 xl
1337 849 1402 878 587.
1431 851 1497 878 add.

171 899 246 918 saec.
308 910 314 915 .

580 963 641 994 150.
684 963 727 994 Ad
750 963 878 994 Beatam
901 963 1030 994 Mariani
1054 964 1088 994 V.

186 1046 216 1079 1,
244 1042 326 1084 Ave,
353 1049 458 1076 mater
484 1044 645 1080 salutaris,
906 1046 936 1076 7.
965 1042 1087 1085 Gaude,
1116 1044 1225 1076 mundi
1251 1045 1304 1075 lux
1333 1045 1450 1085 divina,

245 1092 365 1124 Christi
391 1101 508 1132 sponsa
534 1092 718 1130 singularis,
964 1092 1088 1133 Gaude,
1117 1093 1196 1123 caeli
1223 1097 1253 1123 et
1280 1093 1400 1131 regina.

245 1141 343 1180 Audi,
371 1141 459 1172 clara
485 1140 579 1170 stella
605 1141 714 1178 maris,
965 1141 1060 1173 Clara
1086 1141 1179 1172 stella
1207 1142 1370 1177 matutina,

291 1189 389 1226 Audi,
418 1188 513 1228 plena
539 1188 652 1227 gratia.
1012 1188 1096 1220 Fons
1124 1189 1371 1222 misericordiae.

187 1267 219 1298 2.
247 1262 424 1298 Benedicta
450 1273 483 1295 es
509 1264 540 1296 in
569 1265 677 1303 caelis,
902 1266 934 1297 8.
963 1263 1049 1298 Haec
1077 1270 1122 1296 est
1151 1265 1207 1295 illa
1234 1269 1296 1295 tam
1325 1265 1453 1306 decora,

247 1313 367 1346 Christi
392 1313 537 1354 genetrix
565 1312 680 1349 fidelis,
835 1352 844 1360 ι
961 1314 1047 1352 Quae
1073 1313 1217 1344 ascendit
1245 1317 1276 1343 ut
1305 1322 1439 1351 aurora,

243 1361 412 1393 Advocata
438 1365 547 1392 nostra
573 1361 653 1392 velis
963 1362 1003 1394 Ut
1032 1370 1200 1392 conserves
1227 1362 1310 1391 omni
1339 1361 1427 1398 hora,

292 1410 372 1441 Esse
398 1410 493 1450 plena
519 1409 633 1448 gratia.
1008 1410 1053 1440 Te
1080 1418 1226 1447 rogamus
1254 1409 1357 1440 hodie.

189 1488 219 1519 3.
249 1483 380 1520 Cunctis
406 1494 533 1525 semper
558 1495 592 1517 es
617 1496 761 1525 amoena,
901 1488 932 1519 9.
962 1484 1023 1519 Illa
1051 1487 1141 1526 virgo
1168 1485 1314 1525 figurata,

242 1535 341 1575 Virgo
369 1534 482 1575 dulcis,
510 1544 528 1565 o
554 1543 680 1573 serena,
961 1535 1074 1566 Multis
1101 1533 1229 1566 dotibus
1255 1541 1379 1567 ornata.

243 1583 335 1615 Omni
361 1583 444 1614 dono
471 1586 504 1613 tu
530 1591 563 1613 es
591 1583 697 1624 plena,
961 1584 1065 1622 Super
1091 1582 1195 1614 caelos
1223 1583 1364 1614 exaltata

291 1631 443 1671 Speciosa
470 1631 608 1664 domina.
1011 1632 1116 1663 Mater
1145 1630 1205 1661 fuit,
1233 1631 1372 1664 Domini.

182 1711 215 1742 4,
245 1705 295 1742 De
319 1708 468 1748 supernis
495 1708 643 1748 salutata,
878 1710 934 1741 10.
964 1706 1074 1748 Kyrie,
1102 1708 1155 1748 qui
1182 1718 1238 1739 nos
1267 1708 1382 1743 fecisti,

243 1757 332 1788 Bona
358 1764 471 1795 mater,
499 1757 622 1787 cunctis
648 1760 751 1796 grata,
960 1757 1001 1788 Et
1029 1757 1165 1788 Mariam
1191 1757 1324 1796 elegisti,

242 1805 340 1846 Virgo
367 1813 497 1837 manens
523 1804 755 1845 impraegnata,
960 1805 1008 1837 Ex
1035 1814 1097 1844 qua
1124 1813 1252 1835 carnem
1280 1806 1497 1849 assumpsisti,

292 1853 397 1891 Salve,
425 1857 528 1885 mater
554 1853 688 1893 gratiae.
1008 1853 1096 1884 Dans
1123 1852 1280 1884 medelam
1308 1853 1437 1885 homini.

182 1932 213 1964 5.
242 1927 314 1972 Eia,
343 1929 472 1970 fratres,
500 1930 689 1968 auscultate,
876 1930 932 1962 11.
961 1927 1031 1962 Lux
1059 1938 1091 1960 es
1117 1930 1193 1967 alta,
1221 1939 1239 1960 o
1266 1930 1381 1967 Maria,

240 1979 351 2010 Talem
378 1982 513 2010 matrem
539 1978 686 2009 invocate
960 1979 1168 2010 peccatorum
1196 1981 1283 2008 recta
1310 1979 1372 2017 via,

241 2028 277 2059 In
305 2032 411 2059 vestra
438 2027 640 2066 necessitate,
961 2027 1033 2058 Iesu
1060 2026 1180 2059 Christi
1207 2035 1324 2066 sponsa
1351 2027 1405 2066 pia

288 2076 374 2114 Quae
401 2079 448 2107 est
475 2083 556 2106 vena
582 2075 704 2108 veniae.
1010 2075 1049 2106 Et
1078 2074 1187 2115 regina
1213 2075 1343 2107 saeculi.

180 2155 213 2187 6.
242 2151 336 2187 Felix
363 2161 498 2192 namque
525 2161 558 2183 es
583 2157 618 2183 tu
646 2152 744 2192 dicta,
877 2154 930 2184 12.
959 2149 1072 2187 Mater,
1103 2154 1212 2183 nostra
1236 2161 1269 2183 es
1298 2153 1433 2193 beatrix,

240 2201 361 2234 Christi
387 2205 490 2233 mater
515 2200 696 2242 benedicta,
959 2199 1163 2232 Asi-lictorum
1191 2201 1397 2240 consolatrix,

238 2250 337 2288 Audi,
366 2250 465 2291 virge,
494 2252 598 2280 mater
625 2249 713 2280 dicta
960 2249 1166 2280 Peccatorum
1193 2248 1362 2281 liberatrix

288 2298 439 2331 Piissima
465 2297 664 2329 clementiae.
1009 2297 1121 2328 Totius
1148 2298 1295 2336 periculi,

244 2376 331 2403 Brev.
353 2384 407 2402 ms.
428 2373 459 2402 S.
476 2373 699 2402 Bartholomaei
712 2373 872 2401 Trisulten.
895 2383 970 2402 saec.
996 2372 1040 2401 14.
1076 2373 1145 2402 cod.
1161 2373 1297 2401 Vatican.
1321 2374 1405 2403 7683.
1429 2376 1498 2403 add.

167 2423 246 2442 saec.
270 2413 316 2442 14.
337 2429 375 2434 —
395 2414 457 2442 Der
477 2412 645 2440 Abcdarius
667 2411 825 2440 scheinbar
845 2411 1077 2449 unvollstandig.
