1651 2680
224 179 256 210 9.

202 644 256 676 10.

202 1112 258 1144 11.

200 1572 254 1604 12.

204 2035 256 2067 13.

713 80 974 116 -368—

284 177 430 211 Christus
455 176 552 208 semel
577 176 694 208 obtulit

328 224 464 255 hostiam
491 233 549 265 pro
575 224 693 256 mundo

283 273 336 309 Et,
364 272 417 311 qui
444 273 557 303 cedrus
583 270 698 313 fuerat,

330 318 434 350 factus
461 324 509 350 est
534 319 668 359 arundo,

282 367 346 399 Sub
373 367 502 398 Herode
526 376 637 407 passus
661 371 710 399 est

327 415 462 446 mundus
488 415 528 446 ab
555 415 727 455 immundo,

283 463 326 496 Ut
352 472 424 494 suos
452 463 601 494 educeret

325 511 397 541 lacu
423 511 462 541 de
489 509 657 550 profundo.

285 643 428 676 Christus
455 643 548 674 morti
575 643 668 674 datus
694 647 742 675 est

329 700 367 722 ex
394 692 495 730 patris
522 691 660 730 decreto,

281 740 358 770 Eius
386 739 477 770 Ionas
504 739 648 771 meminit

328 787 451 825 positus
477 787 508 818 in
534 790 621 827 cet03

281 834 426 868 Christus
450 833 535 865 fellis
561 834 707 873 poculum

328 881 441 912 bibens
467 891 537 913 cum
563 885 653 913 aceto

282 930 390 961 Dixit:
418 930 674 962 Consummatam
700 934 749 962 est

328 977 440 1008 ordine
467 977 635 1017 completo.

286 1111 430 1143 Christus
455 1112 536 1142 mori
559 1111 660 1142 voluit

327 1167 409 1189 nova
434 1159 566 1199 ratione,

282 1206 405 1242 Praeda
432 1205 535 1238 factus
562 1206 657 1245 eripit

326 1254 478 1293 praedam
505 1263 524 1285 a
549 1254 722 1295 praedone,

281 1301 345 1334 Sub
374 1301 475 1333 Pilato
501 1305 605 1333 mutus
632 1305 679 1332 est

329 1353 441 1388 potens
467 1350 499 1380 in
525 1358 669 1380 sermone

282 1398 323 1428 Et
350 1397 403 1435 qui
427 1397 620 1428 salomonior

332 1447 400 1475 erat
425 1444 603 1476 Salomone.

283 1571 426 1603 Christus
453 1582 511 1612 pro
537 1572 697 1604 Bersabee

330 1619 434 1650 caelos
460 1620 636 1660 inclinavit,

282 1669 381 1707 Quam
409 1668 447 1698 de
474 1668 574 1707 patris
601 1669 680 1700 solio

330 1715 427 1746 solam
454 1716 626 1755 adamavit,

282 1762 380 1794 Liber
404 1763 488 1794 inter
512 1767 651 1794 mortuos

331 1815 463 1842 mortem
489 1821 551 1843 non
579 1812 718 1852 expavit,

286 1859 422 1899 Propter
447 1860 531 1898 quod
558 1863 589 1889 et
615 1859 770 1892 Dominus

330 1906 417 1937 illum
444 1907 607 1940 exaltavit.

284 2034 427 2066 Christus
453 2036 626 2074 patientiae

332 2083 478 2121 praebuit
505 2084 692 2123 doctrinam,

284 2130 421 2161 Nostrae
447 2132 550 2163 carnis
576 2132 679 2164 induit

332 2182 451 2209 vestem
477 2179 647 2219 cilicinam,

283 2225 355 2257 Hoc
380 2225 443 2257 illis
469 2227 501 2258 in
527 2231 671 2267 tempore

331 2271 434 2304 factus
460 2274 493 2306 in
518 2275 651 2315 ruinam,

283 2321 342 2361 Qui
369 2324 477 2353 tenere
503 2326 639 2354 renuunt

330 2369 397 2401 eius
423 2370 634 2411 disciplinam.

887 177 942 210 14.

890 645 943 676 15.

889 1113 944 1145 16.

888 1574 941 1608 17.

889 2037 943 2071 18.

970 175 1114 209 Christus
1139 175 1225 207 inter
1249 176 1407 208 scandala.

1015 224 1129 255 melius
1154 221 1304 263 profecit,

969 272 1136 304 Peccatori
1161 270 1274 303 similis

1014 324 1179 359 peccatum
1206 327 1268 350 non
1297 317 1383 358 fecit,

968 367 1046 400 Cum
1072 367 1240 398 humanam
1269 366 1413 406 corporis

1014 416 1153 454 speciem
1179 414 1308 452 obiecit,

968 462 1040 495 Non
1066 463 1097 494 in
1125 462 1314 494 fortitudine

1016 509 1130 543 fortem
1157 509 1331 544 interfecit.

970 643 1116 677 Christus
1143 643 1234 676 dedit
1258 644 1395 676 animam

1014 692 1124 723 mundi
1150 701 1209 732 pro
1235 692 1338 723 salute

967 739 1010 772 Et
1035 748 1094 778 pro
1119 739 1237 771 mundo
1263 740 1397 771 moritur

1015 787 1151 818 mundus
1177 787 1331 830 absolute,

969 834 1033 867 Sed
1058 834 1120 865 iam
1146 844 1206 874 pro
1232 835 1396 866 vocalibus

1015 885 1219 914 accesserunt
1243 886 1361 921 mutae,

970 931 1086 963 Omnes
1111 930 1239 970 quidem
1265 931 1410 961 novimus

1017 977 1102 1008 intus
1130 981 1160 1008 et
1186 978 1219 1009 in
1245 982 1327 1009 cute.

971 1111 1065 1153 Ecce,
1095 1112 1181 1143 dicet
1204 1111 1329 1151 aliquis,

1017 1158 1120 1190 factus
1145 1160 1177 1191 in
1203 1160 1306 1197 ruina,

968 1207 1026 1246 Qui
1053 1207 1173 1239 relictis
1202 1208 1343 1248 propriis

1015 1258 1135 1286 tractus
1161 1256 1341 1296 peregrina,

967 1302 1033 1334 Iam
1059 1303 1198 1335 cortinas
1224 1307 1361 1342 arguunt

1016 1359 1093 1381 saxa
1120 1351 1257 1390 cilicina,

969 1397 1054 1429 Voce
1081 1398 1279 1438 dignioribus

1017 1445 1159 1478 detrahit
1184 1446 1319 1478 sentina.

969 1573 1072 1612 Super
1096 1583 1208 1614 greges
1233 1574 1330 1614 igitur

1017 1622 1151 1661 vigilent
1177 1626 1323 1663 pastores

968 1670 1011 1701 Et
1036 1669 1190 1708 paulatim
1216 1674 1382 1703 transeant

1017 1717 1059 1748 ad
1085 1717 1234 1750 honestos
1261 1728 1374 1762 mores,

970 1764 1015 1798 Ut,
1040 1765 1182 1797 honestis
1207 1767 1350 1798 moribus

1019 1818 1194 1852 congruant
1219 1814 1356 1847 honores

968 1860 1037 1892 Nec
1062 1861 1216 1893 maiorum
1242 1863 1365 1895 meritis

1017 1912 1151 1948 pereant
1174 1910 1324 1944 minoreS.

971 2039 1085 2070 Petrus
1109 2043 1234 2077 petram
1260 2042 1411 2075 convenit.

1018 2086 1164 2118 versibus
1190 2091 1220 2119 et
1246 2093 1359 2130 metro,

971 2133 1016 2167 Ut
1040 2142 1100 2172 per
1124 2138 1261 2167 metrum
1288 2136 1402 2170 Petrus
1428 2137 1470 2170 sit

1017 2190 1189 2221 generosus
1217 2182 1324 2226 Petro,

972 2229 1062 2262 Sicut
1087 2231 1247 2269 quondam
1272 2232 1403 2273 Moyses

1017 2277 1177 2316 acquievit
1202 2279 1322 2319 Iethro,

970 2324 1003 2357 Si
1029 2324 1106 2364 quid
1132 2326 1249 2358 iustum
1275 2329 1423 2367 petimus.

1015 2381 1077 2404 non
1103 2372 1235 2407 refellas
1260 2382 1358 2410 retro.
