1651 2680
155 200 212 234 39.

156 431 212 462 40.

157 659 214 692 41.

153 890 211 922 42.

154 1121 211 1153 43.

153 1351 209 1383 44.

151 1582 207 1614 45.

150 1814 206 1846 46.

151 2041 208 2074 47.

150 2268 206 2302 48.

676 102 940 138 -181-

236 199 372 232 Iudaeus
397 198 521 240 prelum
547 201 663 239 posuit,

244 246 379 288 Sanguis
401 251 432 279 et
457 247 544 278 unda
568 248 717 288 profluit3

239 295 318 327 Inde
341 299 384 335 te,
401 296 517 333 immo,
547 296 648 327 abluit

239 343 281 375 Et
307 343 460 383 paradiso
487 343 643 376 reddidit.

239 429 356 461 Botrus
382 430 438 461 ille
466 429 669 462 dulcissimus

239 478 275 509 in
302 481 391 508 vecte
418 477 623 520 crucifigitur,

237 525 426 557 Incredulus
453 524 670 564 confunditur,

242 572 306 605 Sed
334 573 526 605 christianus
553 575 708 614 pascitur.

241 659 323 698 Quot
348 660 551 691 lacrimarum
578 661 696 693 rivulos

239 707 324 739 Tuos
348 709 491 740 lucentes
516 708 624 741 oculos

239 755 353 787 Dicam
379 755 512 788 fudisse.
539 757 676 799 domina,

239 804 276 835 In
304 804 463 844 cordeque
490 804 638 844 suspiria,

240 889 317 921 (him
344 893 442 928 tuum,
474 896 587 929 mater,
614 891 742 922 unicum

239 935 312 969 Pati
338 938 428 970 vides
454 939 672 978 suspendium,

238 985 319 1018 Dira
344 989 588 1025 transpunctum
614 987 738 1027 lancea,

237 1033 362 1065 Corona
389 1037 533 1073 saeptum
560 1035 683 1074 spinea,

240 1123 366 1160 Agnum
394 1121 434 1152 de
460 1124 514 1151 tuo
540 1122 660 1152 semine

238 1168 348 1200 Rubro
377 1171 531 1200 vernante
556 1168 687 1200 flumine

238 1217 327 1248 Inter
349 1225 460 1248 manus
487 1216 672 1248 carnificum

237 1264 394 1304 Torqueri
420 1264 709 1296 hominem-deum!

237 1352 317 1390 Quot
345 1351 477 1383 edidisti
502 1351 648 1390 gemitus,

238 1399 371 1438 Quando
400 1398 458 1430 tibi
485 1399 622 1430 vicarius

237 1447 300 1478 Pro
325 1448 477 1489 magistro
504 1447 691 1487 discipulus,

237 1495 298 1526 Pro
324 1505 398 1536 rege
425 1495 520 1526 datur
545 1494 700 1527 famulus!

234 1581 364 1614 Doloris
389 1582 573 1614 acutissimo

235 1629 512 1662 Transverberata
536 1630 644 1670 gladio

236 1679 272 1710 In
298 1679 448 1718 passione
474 1678 542 1716 tilii,

235 1726 352 1767 Mater,
380 1729 504 1766 martyr
529 1725 678 1761 efficeris,

234 1813 365 1846 Sciebas
391 1813 529 1854 quidem,
556 1813 694 1855 domina,

233 1860 356 1894 Afflata
383 1861 442 1894 Dei
467 1862 581 1902 gratia,

234 1910 315 1950 Quia
341 1911 381 1942 de
406 1912 509 1941 morte
534 1909 592 1941 filii

235 1959 327 1991 Salus
353 1961 498 1990 manaret
523 1958 655 1999 homini,

233 2041 324 2081 Quod
352 2040 464 2073 mortis
489 2040 634 2079 abolitio,

232 2089 324 2129 Quod
350 2090 435 2121 vitae
461 2089 624 2128 reparatio

232 2137 282 2170 De
307 2137 368 2169 hoc
393 2137 496 2169 crucis
522 2137 675 2177 mysterio

232 2186 349 2218 Exiret
374 2186 459 2218 omni
485 2185 615 2227 populo,

235 2268 327 2306 Quod
353 2277 452 2309 agnus
478 2268 547 2300 obit
572 2268 737 2308 innocens,

231 2316 277 2350 Ut
308 2317 420 2349 mortis
447 2316 553 2348 vincat
580 2315 772 2360 principem,

232 2365 277 2398 Ut
303 2368 435 2397 mortem
462 2374 548 2397 mors
572 2364 772 2404 exterminet,

230 2413 280 2446 De
305 2418 408 2446 morte
435 2413 501 2445 vita
525 2412 674 2453 pullulet.

848 202 905 234 49.

855 432 909 464 50.

851 662 905 695 51.

853 892 907 924 52.

852 1123 905 1154 53.

851 1353 903 1383 54.

847 1584 902 1615 55.

847 1814 902 1846 56.

846 2041 902 2073 57.

847 2268 902 2300 58.

932 200 1074 239 Sciebas,
1099 200 1181 241 quod
1209 199 1240 232 in
1265 199 1331 231 filio

935 249 1049 281 Mundi
1075 254 1159 280 esset
1185 248 1373 288 redemptio,

934 298 1025 336 Quod
1051 298 1092 330 de
1118 296 1207 327 hoste
1234 296 1380 337 victoria,

935 345 983 376 De
1009 346 1157 385 passione
1182 345 1293 385 gloria.

937 432 1103 463 Maternus
1130 434 1234 461 tamen
1261 431 1384 462 animus

936 479 1008 511 Pios
1033 478 1164 510 effundit
1192 479 1336 518 gemitus,

935 527 977 558 Et
1002 527 1132 558 insitiva
1158 527 1274 558 caritas

934 575 1054 606 Dulces
1080 578 1247 613 extorquet
1272 575 1432 608 lacrimas.

934 662 1198 701 Redemptionem
1224 661 1384 691 hominum

933 709 1064 741 Plenum
1093 709 1231 741 habebas
1258 709 1420 748 gaudium,

932 757 995 789 Sed
1023 762 1077 789 tua
1104 766 1198 788 carne
1224 757 1362 796 genitum

933 804 1138 845 Prosequeris
1165 814 1222 844 per
1247 805 1405 844 gemitum.

936 891 999 922 Sed
1026 896 1055 922 et
1082 890 1235 922 salvantis
1263 891 1396 930 gratiam

935 940 983 970 Ac
1010 938 1139 978 pictatis
1166 938 1290 969 unicam

935 987 1017 1018 Dum
1051 986 1219 1018 attendens
1253 986 1470 1026 circumspicis

934 1034 976 1065 Et
1003 1035 1165 1066 admirans
1191 1035 1408 1074 amplecteris,

934 1121 982 1152 De
1009 1120 1138 1160 pietatis
1165 1129 1260 1160 opere

931 1169 1151 1208 Egrediuntur
1178 1168 1338 1200 lacrimae.

933 1217 995 1249 Pro
1022 1216 1191 1248 salvatrice
1215 1217 1318 1256 gratia

934 1265 992 1296 Pia
1020 1265 1135 1296 mentis
1161 1265 1318 1304 angustia.

932 1351 1037 1391 Hunc,
1064 1355 1179 1390 mater,
1206 1351 1282 1381 milii
1308 1351 1407 1382 tilium

932 1400 1074 1434 Praesta,
1101 1407 1229 1440 quaeso,
1257 1400 1445 1441 propitium,

932 1448 1009 1481 Fae.
1038 1448 1113 1478 mihi
1141 1457 1265 1477 manum
1292 1448 1445 1488 porrigat,

930 1496 984 1527 Me
1010 1496 1091 1527 male
1118 1495 1240 1535 lapsum
1269 1496 1381 1533 erigat.

929 1582 1000 1622 Ego
1024 1586 1174 1621 peccator
1199 1582 1348 1613 sordidus

930 1630 1099 1670 Lepraque
1124 1630 1211 1668 turpi
1238 1630 1377 1666 tabidus,

929 1678 1024 1711 Omni
1050 1679 1177 1718 leproso
1202 1679 1336 1719 turpior,

929 1726 1022 1758 Omni
1048 1735 1182 1767 nequam
1209 1727 1364 1761 miserior,

931 1813 1063 1844 Cumrri
1089 1821 1148 1853 per
1173 1812 1295 1844 nefaria

932 1861 1112 1901 iniquitatis
1137 1870 1245 1900 opera,

930 1909 1002 1941 Non
1030 1909 1191 1941 declinavi
1214 1910 1318 1940 omnin

932 1958 1122 1990 Pollutionis
1148 1966 1274 1995 genera.

928 2040 1020 2078 Quod
1032 2040 1145 2079 culpae
1152 2044 1210 2079 est,
1218 2040 1302 2079 quod
1310 2041 1467 2081 criminis,

930 2088 1098 2127 Nunquam
1126 2087 1259 2127 implere
1287 2089 1406 2129 destiti,

928 2137 1020 2168 Omni
1047 2140 1137 2168 reatu
1164 2136 1273 2167 sordui

928 2184 969 2216 Et
996 2185 1081 2215 omni
1108 2184 1203 2215 sorde
1229 2186 1329 2224 putui.

932 2267 968 2298 ln
994 2270 1124 2306 torpore
1148 2267 1325 2309 socordiae,

931 2315 968 2346 In
1000 2314 1122 2346 foetore
1147 2315 1286 2347 malitiae

932 2363 977 2395 Ut
1002 2364 1175 2395 iumentum
1201 2363 1233 2395 in
1260 2368 1401 2397 stercore

931 2411 1042 2452 Longo
1067 2411 1181 2444 cubavi
1208 2416 1362 2453 tempore.
