1651 2680
670 105 932 142 -289—

145 207 203 241 17.
229 206 314 239 Hinc
339 208 448 238 exorat
474 203 646 236 Dominum

231 255 292 287 Pro
315 254 417 286 salute
442 252 614 293 hominum,

274 301 334 342 Qui
358 301 441 333 hanc
465 301 632 333 invocaret

227 351 264 382 In
288 349 449 390 praesenti
475 350 602 380 saeculo

226 398 285 430 Vel
310 397 342 429 in
369 396 453 430 vitae
478 397 624 433 termino,

272 445 314 479 Ut
340 454 393 477 eos
420 444 541 478 bearet.

145 534 198 568 18.
226 533 278 565 Da
302 531 362 574 his,
393 532 532 572 Christe,
560 533 613 573 qui
640 542 772 571 agonem

230 581 338 614 Meum
349 579 467 618 colunt,
481 581 565 620 quod
577 583 773 621 praedonem

276 628 396 661 Salutis
421 638 483 661 non
510 629 651 671 videant,

228 677 291 709 Sed
317 686 376 717 per
402 681 489 708 tuum
517 677 611 708 dulce
634 686 747 709 nomen

228 725 377 758 Sanctam
405 725 446 756 da
473 727 735 763 communionem,

272 773 318 808 Ut
343 774 418 806 hinc
443 775 547 805 securi
575 778 700 806 exeant.

145 862 199 894 19.
226 861 318 892 Tunc
343 861 586 892 commendabat
614 862 750 892 animani

225 909 366 947 Christo,
391 913 426 940 ut
453 910 532 941 caeli
559 910 685 941 ianuam

269 958 373 989 Intret
398 961 581 997 regnatura,

224 1005 282 1037 Cui
308 1006 457 1037 adhaesit
482 1004 610 1037 fortiter

220 1053 265 1084 Et
290 1054 454 1085 adamavit
481 1053 619 1085 dulciter

272 1102 355 1134 Prae
378 1102 462 1133 omni
490 1106 648 1134 creatura.

215 1187 296 1214 Orat.
325 1195 378 1213 ms.
406 1186 569 1222 Campense
597 1188 667 1214 anni
700 1185 780 1213 1462.

134 1227 242 1253 mentis
264 1233 435 1252 consensus.

833 206 888 239 20.
918 206 1040 249 Gaude,
1069 215 1141 238 rosa
1167 207 1406 246 transplantata

917 254 965 286 De
992 255 1051 286 hac
1078 255 1161 286 valle
1187 255 1229 286 ad
1256 255 1352 288 beata

965 303 1111 335 Paradisi
1138 304 1273 343 gaudia;

915 350 1038 390 Gaude,
1068 361 1185 391 sponsa
1212 352 1334 385 Christi
1360 356 1460 394 grata,

914 400 1001 439 Quae
1028 409 1090 431 non
1117 400 1175 431 ivit
1203 400 1253 431 via
1278 400 1354 440 lata,

963 448 1015 479 Ad
1043 448 1213 479 Dominum
1238 448 1295 479 sed
1323 448 1419 488 regia.

833 535 888 567 21.
917 535 978 569 En,
1006 538 1039 565 tu
1064 534 1191 565 virtutis
1218 535 1381 574 speculum

920 584 954 614 In
983 582 1193 621 relinquendo
1220 583 1391 625 saeculum⁷

963 630 1059 669 Virgo
1086 634 1206 671 sancta,
1236 631 1390 669 claruisti,

919 678 1118 717 virginitatis
1145 678 1283 719 titulum,

920 727 1060 757 Honoris
1086 726 1315 759 adminiculum

967 774 1158 806 Constanter
1183 776 1325 807 tenuisti.

832 864 887 894 22.
916 862 1003 902 Ergo
1030 871 1143 901 regnas
1171 869 1241 892 cum
1268 861 1405 893 Domino

917 911 951 941 ln
979 910 1068 940 caelo
1095 910 1163 940 sine
1190 910 1337 950 termino,

963 958 1054 995 Quod
1080 958 1185 989 lesum
1213 958 1366 993 dilexisti.

918 1006 994 1037 Cum
1022 1005 1150 1038 Christo
1178 1006 1245 1036 siue
1272 1005 1380 1036 nubilo

916 1053 1045 1084 Gaudes
1073 1062 1142 1084 cum
1169 1055 1254 1084 omni
1281 1053 1391 1084 iubilo,

963 1102 1040 1133 Cum
1067 1106 1178 1133 sancta
1204 1106 1306 1133 matre
1331 1102 1461 1134 Christi.

823 1186 894 1213 Cod.
921 1186 1139 1214 Darmstadieu.
1167 1184 1230 1212 521.
1252 1200 1290 1206 —-
1314 1184 1362 1218 1⁴2,
1393 1185 1410 1213 6
1431 1188 1463 1213 δί

594 1355 660 1384 257.
703 1352 743 1384 De
766 1356 876 1384 sancta
898 1353 1003 1383 Lucia.

168 1456 199 1488 1.
228 1455 297 1486 Lux
323 1455 459 1486 illucens
484 1454 660 1486 illustravit

223 1503 280 1541 Te,
308 1502 419 1540 Lucia,
447 1512 539 1543 quam
567 1503 693 1543 paravit

274 1551 352 1583 Viae
378 1552 600 1591 luminarium;

222 1598 372 1631 Morbum
399 1601 510 1631 matris
537 1599 687 1638 effugavit

223 1647 292 1680 Tua
318 1647 397 1679 fides
424 1652 454 1678 et
481 1649 613 1679 donavit

271 1695 391 1728 Salutis
418 1696 582 1729 auxilium.

844 1455 874 1486 2.
905 1453 959 1484 Vis
987 1453 1018 1483 in
1044 1452 1145 1484 bobus
1173 1452 1369 1489 dormitavit,

917 1501 1024 1533 Virtus
1050 1501 1080 1532 in
1109 1504 1140 1531 te
1169 1500 1312 1537 vigilavit

964 1550 1123 1581 Indurans
1151 1549 1376 1588 Paschasiumg

914 1598 1071 1639 Christus,
1100 1598 1154 1637 qui
1180 1602 1211 1628 te
1238 1597 1440 1628 conservavit

915 1646 955 1678 Et
985 1646 1025 1677 ad
1053 1655 1086 1677 se
1113 1646 1166 1686 qui
1193 1650 1224 1676 te
1251 1646 1387 1683 vocavit,

959 1694 1013 1726 Me
1040 1699 1131 1726 vocet
1158 1694 1198 1726 ad
1226 1694 1392 1734 gaudium.

216 1781 299 1810 Orat.
320 1791 373 1809 ms.
395 1780 549 1817 Anglican.
572 1790 648 1808 saec.
672 1779 715 1808 13.
758 1781 827 1808 Cod.
851 1780 1013 1807 Londinen.
1036 1780 1083 1806 Ar.
1106 1778 1169 1806 201.

514 1948 580 1979 258.
624 1949 665 1979 De
687 1956 710 1979 s.
734 1946 885 1979 Ludovico
908 1945 1088 1977 Alamando.

273 2051 303 2083 1.
330 2048 468 2090 Agmine
492 2048 620 2081 sidereo
647 2049 687 2080 de
713 2048 802 2079 cuius
828 2046 956 2078 luminis
982 2046 1098 2077 haustu

380 2099 480 2130 Astra
505 2097 599 2129 iubar
625 2097 766 2138 rapiunt,
792 2096 948 2135 liquidum
974 2102 1063 2125 secas
1089 2102 1165 2125 aera
1191 2092 1315 2132 pennis,

334 2145 532 2178 Sublimibus
558 2145 670 2178 volans
696 2144 737 2176 ab
763 2144 824 2176 alis
851 2153 885 2175 es
910 2143 1118 2184 Alamagnus,

382 2194 565 2227 Ludovicus
591 2194 702 2225 lucens
728 2193 817 2233 regia
844 2193 930 2223 celsa
956 2200 1060 2222 manu.

269 2283 302 2316 2.
328 2280 455 2318 Sancte,
483 2280 536 2322 qui
563 2280 643 2312 tanti
670 2287 852 2311 mensuram
881 2277 1016 2309 nominis
1043 2276 1171 2320 imples,

383 2329 443 2369 Qui
468 2338 610 2370 gemmas
635 2327 780 2369 gemmis,
806 2326 977 2358 nobilitate
1004 2334 1114 2365 genus,

333 2377 457 2418 Dulcis,
484 2376 630 2418 pacifice,
657 2376 754 2417 mitis,
782 2375 847 2417 pie,
874 2378 976 2416 grate,
1003 2374 1131 2414 pudice,

382 2427 478 2459 Nunc
502 2426 614 2458 videas
641 2424 795 2465 populum
822 2424 907 2456 altus
933 2423 973 2454 ab
1000 2431 1076 2454 arce
1099 2425 1199 2455 tuum.

189 2487 332 2515 Dravus,
354 2485 405 2509 Pia
420 2484 587 2509 Dictamina.
620 2483 682 2506 VII.
1257 2478 1291 2508 19
