1651 2680
677 89 940 124 —329—

663 186 765 219 Post
799 196 951 222 cenam.

373 261 503 296 Gratias
529 271 568 294 ex
594 272 649 294 esu
676 263 855 296 referamus
881 264 1011 297 Christo
1037 267 1121 305 Iesu,

372 311 421 344 Sit
445 319 573 350 semper
599 311 755 344 Dominus
783 321 853 344 cum
880 317 982 344 matre
1008 322 1065 345 sua
1092 313 1289 346 benedictus.

372 359 458 391 Laus
485 359 564 400 Deo,
591 369 655 400 pax
689 360 771 392 vivis
798 361 926 400 requies
953 364 1084 393 aeterna
1110 361 1282 394 defunctis.

221 434 340 464 Collect.
366 443 419 462 ms.
440 435 606 462 Romanum
629 432 668 471 [2²]
689 444 765 462 saec.
789 434 832 463 15.
874 436 944 463 Cod.
966 436 1101 464 Vatican.
1122 437 1260 464 Ottobon.
1282 434 1348 464 254.

644 548 712 578 299.
755 548 796 579 De
817 548 969 580 Ecclesia.

314 627 464 660 Alleluia
491 629 607 660 iterum
633 628 772 660 modulis
799 629 933 661 tollatur
959 629 990 660 in
1016 630 1126 668 altum,

315 674 536 708 Vociferando
564 677 692 709 domum
719 680 829 716 tangat
857 677 1029 709 concordia
1056 685 1177 719 vocum,

319 723 457 764 Impleat
482 726 514 755 et
540 728 660 757 tectum
686 724 843 756 mirabilis
869 726 949 757 ordo
975 729 1132 766 tonorum,

318 771 443 804 Absida
472 782 534 804 non
561 777 678 811 taceat,
705 781 763 804 nec
790 773 934 812 porticus
960 773 1036 804 inde
1061 773 1202 811 silescat,

257 823 289 854 5.
320 820 451 852 Tinniat
478 824 509 852 et
536 822 671 860 culmen,
700 825 828 852 resonet
854 821 1009 853 calcabile
1037 822 1144 861 limen,

319 868 490 900 Introitum
519 869 632 901 dantes
658 869 803 900 recinant
830 877 912 900 nova
938 869 1079 901 carmina
1105 873 1213 908 postes

316 916 443 957 Perque
469 917 532 948 iter
557 918 598 949 ad
626 918 763 956 patriam
791 917 926 948 doceant
954 918 1110 958 repedare
1138 918 1288 956 priorem.

315 965 390 997 Vox
419 965 511 996 liniat
537 966 674 1005 tegulas,
700 964 919 1005 pavimentum
945 966 1089 996 succinat
1116 965 1205 1003 odas,

316 1012 417 1053 Tigna
445 1013 555 1045 modos
582 1017 723 1052 nectant,
750 1012 916 1052 laquearia
942 1013 1030 1053 picta
1056 1012 1241 1050 revolvant3

236 1061 289 1094 10.
316 1060 554 1099 Fundamenta,
582 1061 760 1099 columnae,
785 1069 891 1102 arcus,
918 1062 1087 1100 pariesque
1114 1061 1231 1099 politus

316 1108 449 1140 Tinnitu
477 1108 622 1149 reboent,
649 1109 722 1140 dum
752 1109 830 1140 cleri
858 1110 1003 1140 carmina
1029 1112 1168 1140 cantent.

314 1156 461 1188 Aedibus
487 1157 536 1188 his
561 1157 691 1197 patulae
717 1157 891 1196 iungantur
919 1157 950 1188 in
977 1166 1052 1188 arce
1079 1155 1249 1192 fenestrae,

315 1205 400 1244 Quas
428 1205 559 1237 decorat
588 1206 704 1236 vitrum
733 1205 855 1236 calamo
880 1205 1026 1245 cingente
1053 1206 1192 1245 ligatum,

315 1252 438 1284 Lumen
465 1258 497 1286 et
524 1253 684 1294 immittat,
711 1256 878 1284 ventorum
906 1252 1036 1285 flamina
1061 1252 1172 1293 pellat.

233 1301 289 1335 15.
317 1301 424 1332 Possit
450 1304 482 1332 et
506 1302 654 1332 incensus
679 1300 824 1332 flammas
852 1300 1046 1340 dispendere
1072 1300 1218 1340 lychnus,

318 1348 481 1380 Candelae
508 1353 539 1379 et
565 1348 707 1388 rutilent,
735 1357 816 1387 quae
843 1349 948 1380 curvis
975 1349 1113 1380 arcubus
1140 1348 1270 1384 instant,

315 1396 464 1429 Gaudeat
489 1397 666 1437 omnigenis
693 1397 804 1428 domus
831 1397 910 1428 haec
935 1401 1049 1428 ornata
1075 1397 1211 1427 coronis,

317 1445 436 1477 Gratus
463 1445 565 1477 honor
591 1445 703 1484 templi
730 1448 902 1476 renovetur
928 1446 968 1477 ab
994 1445 1107 1476 ordine
1135 1443 1222 1476 oleri.

316 1493 409 1525 Hanc
434 1493 586 1525 intrando
614 1494 739 1524 domum
766 1493 931 1532 persolvat
956 1493 1125 1533 episcopus
1152 1492 1313 1532 hymnum,

239 1543 295 1575 20.
322 1541 512 1574 Luminibus
538 1542 657 1573 claram
684 1541 839 1581 procedat
864 1541 994 1580 praesul
1021 1542 1061 1572 ad
1088 1550 1187 1579 arum,

320 1589 528 1622 Carminibus
555 1590 682 1630 plenam
710 1588 840 1620 festinet
868 1589 973 1621 clerus
998 1590 1029 1620 in
1057 1589 1172 1625 aulam,

317 1638 496 1670 Dulcisono
521 1639 637 1670 mirum
663 1638 827 1678 repleatur
853 1639 995 1669 carmine
1020 1637 1185 1676 tempium,

319 1687 507 1727 Adpropiet
532 1688 671 1728 populns
698 1686 775 1717 cleri
802 1695 949 1718 sermone
976 1686 1151 1723 docendus,

317 1735 459 1775 Agmina
486 1738 676 1767 concurrant
703 1734 896 1773 crepitantia
920 1734 1016 1766 laude
1043 1743 1169 1771 sonora,

231 1787 288 1819 25.
315 1783 468 1823 Desuper
493 1783 652 1815 immissus
679 1783 721 1814 sit
745 1783 778 1814 in
804 1782 951 1814 omnibus
977 1783 1083 1814 omnia
1111 1781 1267 1813 Christus=

219 1871 342 1898 Collect.
362 1879 418 1896 ms.
437 1870 620 1905 Tegurinum
642 1877 720 1896 saec.
743 1866 787 1895 10.
829 1867 903 1895 cim.
924 1870 1078 1896 Monacen.
1104 1866 1138 1895 18
1146 1866 1210 1896 628.

601 1983 671 2015 300.
712 1983 755 2014 De
776 1981 1008 2013 Sacerdotibus.

155 2065 186 2099 1.
214 2065 240 2098 Ο
266 2074 361 2106 quam
388 2065 602 2098 sacerdotium
853 2064 885 2098 2.
913 2062 1105 2095 Sacerdotes
1131 2061 1235 2102 gloria

263 2113 373 2154 regale
398 2116 431 2146 et
456 2111 646 2154 perfectum,
961 2114 1050 2143 tanta
1077 2114 1282 2149 venerantur,

213 2161 240 2194 Ο
265 2170 361 2202 quam
387 2162 573 2194 venerabile
912 2159 1087 2200 Dignitatis
1113 2160 1218 2200 gratia

264 2219 364 2250 genus
389 2213 439 2242 est
463 2211 620 2242 electum!
959 2208 1082 2247 angelis
1106 2210 1293 2248 aequantur,

214 2258 306 2291 Stola
330 2258 411 2300 legis
437 2260 560 2300 gratiae
910 2256 1115 2289 Excellentes
1141 2255 1272 2296 angelos

264 2307 362 2338 decus
388 2306 451 2339 reis
477 2310 613 2346 rectum,
959 2305 1028 2336 Deo
1055 2304 1261 2342 famulantur,

215 2355 307 2388 Vivis
333 2363 351 2387 e
375 2354 540 2396 lapidibus
909 2352 1104 2393 Angelizant
1129 2351 1268 2393 saepius,

263 2402 356 2436 nobis
383 2407 432 2435 est
458 2403 629 2436 detectum.
963 2400 1060 2434 Caelo
1086 2403 1290 2434 coronantur.
