1651 2680
744 108 998 143 -170—

227 208 258 238 5.
289 202 378 237 Sacri
406 203 447 234 ad
473 202 585 242 templi

333 260 424 291 quem
451 250 587 289 portasti
613 250 734 291 limina,

285 299 369 331 Huic
395 298 541 330 caelestis

335 346 475 378 deservit
501 346 624 383 militia,

287 395 354 434 Qua
380 394 622 432 comprehendit

333 447 421 474 tanta
447 441 616 481 mirabilia,

287 492 373 530 Quae
399 494 469 520 sunt
495 497 643 522 concessa

337 538 394 569 tibi
421 536 691 576 splendidissima.

231 673 264 706 6.
292 669 437 704 Perrexit
464 672 614 710 templum

334 720 433 751 iustus
460 728 554 750 senex
582 719 719 752 Domini.

285 767 342 798 Est
369 767 481 798 videns
509 767 681 801 Christum,

335 825 426 855 quam
455 814 538 846 beati
566 814 665 844 oculi!

287 863 432 902 Suscepit
460 871 528 893 euni

332 921 350 942 a
376 915 407 941 te
435 915 535 942 matre
562 909 670 950 nobili,

286 958 414 989 Gratias
440 964 544 997 agensv

333 1007 386 1037 uni
416 1006 480 1037 Deo
506 1005 635 1038 homini.

228 1140 258 1171 7.
288 1136 409 1178 Regina
437 1139 526 1173 caeli.

332 1186 482 1218 osculasti
508 1187 618 1221 tilium,

285 1234 334 1265 Ex
360 1238 452 1275 patre
480 1243 623 1273 magnum

334 1286 363 1313 et
390 1290 427 1312 ex
455 1285 485 1311 te
510 1280 742 1321 parvissimum,

287 1329 452 1360 Hominem
482 1338 588 1359 verum

336 1381 365 1407 et
393 1377 492 1407 Deum
521 1376 737 1407 fortissimum,

285 1424 384 1461 Quem
412 1424 545 1462 genuisti

335 1480 463 1502 manens
490 1473 578 1510 virgo
604 1471 771 1510 virginum.

230 1601 261 1632 8.
290 1596 339 1632 Ex
366 1603 406 1632 te,
434 1599 548 1639 Maria,

335 1647 480 1678 sublimis
507 1655 674 1686 puerpera,

287 1694 421 1726 Carnem
449 1695 586 1734 suscepit

335 1742 394 1774 Dei
421 1742 588 1781 sapientia,

285 1793 372 1829 Quae
399 1790 518 1821 caelum
546 1791 627 1830 girat

334 1843 365 1869 et
393 1837 537 1869 fundavit
564 1845 712 1876 aequora,

285 1886 427 1917 Terrena
455 1887 535 1926 regit

332 1933 425 1965 simul
452 1937 481 1963 et
510 1933 667 1966 caelestia,

225 2063 256 2094 9.
283 2058 379 2094 Scala
409 2061 554 2092 caelestis

336 2114 365 2140 et
394 2109 455 2140 Dei
482 2108 664 2150 hospitium,

285 2156 340 2188 Ex
365 2161 397 2187 te
424 2160 471 2187 est
496 2161 584 2188 ortus

338 2204 411 2236 finis
439 2207 469 2234 et
493 2204 694 2245 principium,

288 2253 317 2284 A
346 2256 438 2292 patre
464 2256 556 2284 natus

343 2304 391 2332 est
416 2305 489 2330 ante
515 2298 692 2336 luciferum,

290 2347 393 2385 Hunc,
424 2348 512 2388 virgo
538 2352 649 2384 mater,

340 2395 393 2428 fac
419 2395 510 2427 nobis
536 2395 724 2435 propitium.

914 205 969 237 10.

914 671 968 703 11.

918 1600 971 1632 13.

995 201 1097 238 Beata
1122 204 1216 236 valde

1043 256 1097 283 tua
1122 256 1169 283 est
1196 251 1368 286 humilitas,

995 302 1093 340 Quam
1119 299 1256 339 gloriosa

1043 347 1135 378 simui
1161 351 1193 378 et
1219 346 1395 387 virginitas,

996 394 1057 427 Per
1082 404 1174 434 quam
1203 395 1311 426 divina

1044 442 1131 473 venit
1156 443 1196 474 ad
1222 452 1279 474 nos
1305 442 1419 481 pietas,

997 490 1093 528 Audi,
1121 498 1191 521 cum
1216 494 1307 529 rogat

1043 541 1075 568 te
1100 540 1210 569 nostra
1236 536 1405 576 fragilitas,

998 668 1068 706 lile,
1094 670 1197 709 beata,

1043 718 1100 748 tibi
1127 723 1195 749 erat
1221 717 1379 757 subditus,

996 766 1055 804 Qui
1083 766 1205 796 cunctis
1231 765 1340 796 mundi

1043 814 1177 852 imperat
1204 812 1388 853 virtutibus,

996 860 1141 901 Respicit
1166 865 1296 900 terram,

1044 913 1075 939 et
1099 909 1262 939 tremescit
1291 907 1444 951 funditus,

995 955 1119 994 Regnat
1144 955 1176 987 in
1203 956 1291 987 caelo

1044 1008 1073 1034 et
1101 1008 1188 1035 tonat
1214 1004 1246 1034 in
1274 1003 1421 1037 nubibus.

935 1146 940 1151 ·
994 1134 1159 1176 Tuumque
1185 1145 1296 1168 nomen

1043 1185 1140 1215 maris
1168 1185 1259 1216 stella
1288 1184 1414 1226 dicitur,

995 1233 1080 1264 Gens
1108 1242 1243 1272 namque
1271 1242 1329 1271 per
1355 1238 1385 1264 te

1042 1280 1112 1311 luce
1140 1290 1216 1311 vera
1244 1280 1380 1323 ducitur,

996 1328 1077 1359 Dum
1106 1328 1260 1359 trinitatis

1046 1376 1164 1406 lumine
1191 1375 1407 1415 perfunditur,

995 1424 1023 1454 A
1051 1424 1244 1462 protoplasti

1045 1470 1187 1502 tenebris
1213 1471 1405 1505 excluditur.

1002 1597 1053 1632 Ex
1081 1603 1192 1631 ventre
1218 1605 1272 1631 tuo

1045 1647 1177 1678 verbum
1205 1648 1340 1688 sumpsit
1367 1649 1514 1689 hostiam,

997 1696 1095 1734 Quam
1124 1696 1299 1728 immolavit

1044 1749 1135 1774 extra
1165 1745 1403 1783 lerosolymam,

995 1791 1087 1822 Hanc
1114 1793 1345 1824 manducamus

1043 1839 1083 1870 ob
1111 1840 1180 1872 eius
1207 1843 1390 1872 memoriam

996 1887 1039 1918 Et
1063 1887 1123 1919 hoc
1149 1897 1209 1927 per
1236 1888 1331 1920 fidem

1043 1939 1187 1968 tenemus
1215 1937 1438 1969 orthodoxam.

919 2062 970 2095 14.
999 2060 1133 2103 Regina,
1162 2065 1245 2105 regis

1048 2116 1159 2148 mater,
1188 2122 1296 2152 regum
1323 2114 1400 2153 filia,

1002 2159 1080 2191 Cum
1108 2159 1246 2191 voluisti.

1050 2215 1068 2237 o
1093 2207 1332 2249 gloriosissima,

1002 2255 1045 2287 Ut
1072 2254 1235 2286 inchoaret

1053 2302 1200 2334 Christus
1227 2305 1398 2347 mirabilia,

1003 2350 1093 2381 Tunc
1119 2349 1195 2382 fecit
1221 2352 1328 2384 viuum

1054 2406 1091 2429 ex
1119 2406 1201 2438 aqua
1227 2400 1258 2431 in
1285 2401 1413 2440 hydria.
