1651 2680
211 178 265 210 11.

210 508 265 540 12.

211 837 266 868 13.

209 1162 264 1190 14.

204 1484 258 1516 15.

206 1809 258 1841 16.

203 2133 258 2166 17.

725 80 986 116 *226—

290 178 315 210 Ο
342 177 491 209 Thebaea
515 177 681 210 sublevata

339 233 436 264 super
460 229 548 257 astra
571 225 665 267 legio,

293 274 378 312 Quae
405 273 576 304 draconem
604 274 718 304 durum
737 274 824 306 claro

340 321 499 360 superasti
525 321 658 360 proelio,

292 368 385 400 Hunc
410 369 545 400 eundem
572 369 647 399 mihi
671 369 784 408 subde,

338 420 369 446 te
394 425 476 447 nunc
503 417 554 456 pie
579 415 696 455 flagito.

293 507 473 539 Bellatores
499 507 628 546 gloriosi

338 555 511 594 invictique
536 560 704 594 martyres,

292 604 375 641 Quos
402 603 553 642 produxit
581 611 618 633 ex
645 612 678 633 se
704 606 807 634 mater

340 650 425 681 velut
452 651 525 681 vitis
550 650 709 690 palmites,

292 698 345 730 Me
372 698 532 729 vobiscum
559 697 632 728 hinc
651 697 823 729 transferte

340 755 435 784 supra
463 747 542 777 caeli
570 746 728 779 cardines,

295 838 409 868 Pastor
435 837 527 870 alme,
554 835 696 870 Nicolae,

339 884 404 922 poli
431 884 509 914 civis
534 884 654 914 inclite.

292 931 379 964 Caeli
407 940 511 971 regem
538 932 569 962 in
595 931 711 962 decore

340 978 391 1009 fac
416 988 464 1010 me
491 984 592 1010 tecum
621 987 763 1017 cernere,

293 1027 389 1057 t‘uius
416 1028 495 1058 mira
521 1027 667 1058 claritate

338 1073 477 1113 fungeris
501 1074 638 1106 assidue.

292 1159 479 1191 Meritorum
508 1161 577 1190 luce
603 1159 726 1198 fulgens

336 1207 474 1237 Mai-tine
500 1208 679 1245 sacerrime,

287 1261 385 1295 quem
402 1255 547 1286 diversae
561 1258 670 1292 gentes
686 1255 817 1285 laudant

335 1310 393 1340 per
418 1302 525 1332 orbem
553 1303 728 1340 magnifice,

290 1350 343 1380 Me
370 1350 506 1380 nitentes
531 1349 674 1387 iugulare

336 1402 483 1435 potenter
509 1405 708 1435 persequere.

286 1482 525 1521 Monaehorum,
553 1481 737 1520 Benedicte,

335 1529 446 1560 doctor
471 1529 694 1569 insignissime,

287 1577 449 1608 venenata
475 1578 563 1608 dirae
589 1577 683 1615 lupae

334 1622 474 1655 flammas
500 1626 530 1655 in
559 1633 607 1654 me
635 1625 763 1654 destrue

286 1673 328 1704 Et
355 1672 395 1702 da
424 1673 500 1702 mihi
527 1678 598 1703 tuae
625 1676 754 1702 sanctae

332 1720 439 1759 iugum
466 1719 550 1751 ferre
577 1720 714 1759 regulae.

287 1808 402 1839 Sancte
428 1811 539 1846 pater,
569 1807 641 1846 dux,
669 1804 814 1844 Ebrulfe,

333 1855 556 1886 monachorum
583 1855 702 1891 inclite,

286 1905 320 1935 In
347 1907 487 1933 extremo
513 1911 599 1933 meus
626 1907 692 1934 esto

333 1950 482 1982 defensor
508 1950 652 1982 examine

287 2000 326 2031 Et
353 2008 403 2029 me
425 2008 520 2038 prece
546 1997 597 2029 fac
622 1998 736 2029 solaris

332 2047 430 2076 civem
458 2046 681 2084 lerosolymae.

287 2132 479 2171 Sempiterni
507 2131 590 2172 regis
617 2131 718 2169 miles,

331 2180 447 2221 Aegidi
473 2179 659 2219 clarissime,

285 2229 489 2260 incursantes
515 2235 564 2259 me
591 2227 739 2266 demerge

332 2276 524 2307 Acherontis
551 2284 689 2316 carcere,

286 2324 328 2356 Ut
355 2324 512 2355 excelsum
539 2323 580 2356 ad
607 2323 774 2363 Olympum

333 2371 434 2403 laetus
461 2373 578 2411 possim
603 2371 746 2403 tendere.

896 178 950 211 18.

898 509 951 540 19.

897 837 952 867 20.

892 1160 948 1191 21.

892 1484 947 1514 22.

891 1808 944 1839 23.

890 2133 945 2166 24.

978 177 1197 220 confessores,
1223 187 1301 218 quos
1326 175 1465 209 munivit

1025 225 1100 258 fidei
1130 226 1288 259 confessio

978 273 1046 306 Nec
1071 284 1090 306 a
1115 275 1184 307 Deo
1209 274 1373 314 separavit

1026 323 1131 354 carnis
1157 322 1312 362 titillatio,

978 369 1093 401 Vestra
1118 379 1213 410 prece
1238 369 1316 400 mihi
1341 368 1412 400 sitis

1023 426 1150 457 semper
1174 419 1205 450 in
1232 417 1362 448 auxilio.

976 507 1204 540 Monachorum
1231 515 1322 538 sacer
1348 507 1463 538 chorus

1026 560 1057 585 et
1083 556 1220 587 cultores
1246 554 1355 594 eremi,

978 602 1097 640 Quibus
1123 608 1248 642 pastum
1274 601 1453 642 praebuere

1025 659 1122 689 panes
1149 650 1301 688 cinericii,

979 697 1069 729 Illum
1098 708 1156 739 pro
1181 707 1229 729 me
1254 697 1447 738 supplicate,

1024 746 1056 776 in
1082 754 1143 785 quo
1168 745 1361 786 gloriamini.

981 833 1059 874 Iam,
1086 835 1192 867 Maria
1217 835 1421 875 Magdalena,

1026 883 1103 913 mihi
1128 884 1172 914 sis
1197 883 1342 923 piissima

980 930 1022 962 Et
1047 935 1192 962 arcentes
1218 939 1267 961 me
1293 931 1458 970 culparum

1027 987 1126 1009 nexus
1151 979 1398 1018 precedisliga,

978 1026 1035 1065 Qui
1063 1031 1094 1056 te
1121 1027 1206 1058 nitor
1231 1026 1320 1065 sequi
1345 1035 1415 1057 mea

1027 1074 1164 1112 lugendo
1189 1074 1320 1113 flagitia,

976 1158 1138 1191 Generosa
1166 1159 1355 1198 Katherina‚

1023 1206 1139 1237 Christi
1166 1215 1283 1246 sponsa
1309 1207 1443 1247 fulgida,

973 1255 1081 1292 Ipsum
1105 1263 1164 1292 pro
1191 1262 1240 1284 me
1266 1254 1436 1294 interpella

1020 1309 1115 1341 prece
1141 1301 1407 1342 constantissima,

976 1347 1017 1381 Ut
1043 1348 1082 1378 ab
1108 1348 1179 1387 ipso
1205 1348 1303 1379 vehar
1329 1354 1401 1388 post
1427 1351 1509 1382 hanc

1022 1396 1118 1426 vitam
1144 1404 1240 1435 super
1263 1397 1404 1430 aethera.

978 1481 1122 1520 Virgines
1148 1484 1267 1513 electae
1292 1483 1364 1522 Dei,

1020 1528 1130 1567 Fides,
1158 1531 1237 1570 Spes
1264 1535 1295 1560 et
1321 1531 1484 1571 Chai-itm,

973 1578 1056 1617 Quas
1082 1579 1225 1617 nequivit
1250 1587 1402 1617 superare

1021 1625 1166 1657 Adriana
1193 1625 1314 1667 feritas,

973 1672 1026 1703 Me
1052 1678 1188 1712 servate,
1216 1683 1254 1704 ne
1279 1675 1432 1705 malorum

1020 1729 1069 1750 me
1095 1721 1201 1753 laedat
1227 1723 1435 1760 perversitas.

973 1808 1038 1838 Iani
1066 1817 1083 1838 a
1110 1808 1178 1839 Deo
1204 1814 1374 1840 coronatae

1018 1855 1155 1894 virgines
1182 1861 1213 1887 et
1238 1856 1364 1896 viduae,

971 1907 1057 1942 Quae
1083 1905 1212 1935 nocivos
1239 1904 1328 1943 ignes
1355 1906 1448 1937 docte

1018 1952 1177 1983 meruistis
1204 1952 1341 1993 vincere,

972 2000 1150 2030 Saevientis
1174 2001 1206 2031 in
1233 2009 1284 2031 me
1308 2000 1452 2033 flammas

1023 2047 1152 2078 Veneris
1179 2049 1366 2089 extinguite.

973 2133 1089 2165 Omnes
1116 2136 1228 2175 sancti,
1255 2135 1342 2174 apud
1368 2135 1472 2167 Deum

1018 2189 1077 2219 pro
1103 2190 1152 2212 mc
1178 2183 1378 2217 intercedite.

971 2229 1132 2268 Quatenus
1158 2229 1276 2261 inferni
1302 2241 1421 2272 poenas

1019 2276 1141 2307 valeam
1165 2278 1302 2310 evadere

972 2324 1015 2355 Et
1040 2333 1057 2354 a
1085 2324 1186 2364 vulpis
1216 2326 1370 2359 liberatus

1020 2371 1100 2403 caeli
1126 2381 1222 2413 regna
1249 2375 1415 2410 scandere.
