1651 2680
686 99 828 135 —39

243 191 455 226 Sublevamen
483 194 656 231 contulisti,

239 241 375 282 Quando
407 251 536 274 carnem
563 243 776 286 assumpsisti,

240 290 358 329 Meque
385 289 610 329 deprecantem
638 291 716 323 audi

242 337 286 370 Et,
311 337 455 369 auditum
481 348 554 370 mox
581 339 710 372 exandi.

334 451 366 478 Si
391 452 575 487 iniquitates.

205 546 214 554 .
240 519 429 559 Iniquitates
455 520 582 560 patravi

238 568 294 600 Me
319 572 450 606 patrare
476 577 535 600 nec
561 568 688 609 expavi,

239 617 323 656 Quas
349 615 376 646 si
404 615 504 658 deles,
530 625 598 648 sum
618 616 772 658 salvatus,

239 663 273 696 Si
295 672 356 694 non
377 663 476 700 deles,
502 673 571 696 sum
591 664 771 697 damnatus.

244 778 321 812 Quia
341 778 420 813 apud
441 781 468 804 te
490 778 673 814 propitiatio.

203 872 210 879 .
238 847 264 880 O
278 855 371 885 quam
387 846 535 888 clemens,
556 855 650 886 quam
662 845 828 888 benignus,

237 895 771 934 Oquammagnus,0quamdignus‚

239 942 348 976 Laude
373 942 471 978 Deus,
500 951 532 973 es
560 946 696 983 creator,

234 991 426 1023 Miserorum
455 993 623 1030 reparator

237 1037 402 1078 Nobisque
427 1039 633 1078 propitiator.

235 1087 340 1119 Homo
364 1085 478 1125 factus,
503 1086 598 1118 morti
626 1086 718 1117 datus

234 1135 354 1167 Nostra
381 1134 475 1165 diluit
502 1135 632 1169 delicta,

235 1182 333 1216 Cuius
358 1187 460 1213 niorte
485 1191 570 1213 mors
597 1186 645 1212 est
676 1181 768 1213 victa.

273 1297 422 1324 Sustinuit
441 1297 541 1323 anima
560 1304 633 1322 mea.

201 1392 209 1399 .
235 1364 320 1398 Illud
338 1364 481 1403 verbum,
501 1364 585 1404 quod
603 1364 633 1395 in
656 1364 769 1404 primis

234 1413 356 1446 Cuncta
380 1411 457 1443 fecit
483 1418 513 1443 et
533 1414 563 1444 in
591 1412 662 1443 imis

231 1461 423 1494 Dominatur
449 1470 486 1492 ac
511 1469 661 1501 superna,

232 1508 410 1549 Gubernat,
437 1509 491 1540 lux
519 1514 547 1540 et
576 1509 707 1540 lucerna

231 1557 420 1590 Illuminans
446 1557 626 1595 tenebrosa,

235 1605 327 1638 Sicca
352 1614 466 1644 regens
492 1610 522 1636 et
549 1614 679 1645 aquosa,

232 1654 318 1686 Illud
345 1662 420 1693 ergo
445 1654 583 1695 supplex
609 1662 676 1691 oro,

230 1702 322 1743 Quod
348 1711 398 1733 me
425 1702 559 1734 collocet
584 1701 615 1732 in
644 1701 742 1733 choro

232 1750 408 1790 spirituum
436 1750 601 1782 beatorum

230 1800 308 1832 Post
333 1799 456 1830 ruinam
484 1798 693 1831 saeculorum.

267 1905 293 1932 A
314 1904 448 1931 custodia
468 1904 622 1931 matutina.

196 1999 206 2007 .
232 1973 370 2011 Christe,
397 1973 492 2005 stella
517 1972 684 2014 matutina,

228 2022 290 2062 Qui
315 2022 444 2054 traxisti
472 2022 511 2053 de
537 2021 663 2052 sentina

232 2070 456 2110 Protoplasma
481 2069 652 2110 gehennali

227 2119 341 2152 Morsu
367 2120 493 2151 solvens
520 2125 658 2149 morsum
677 2117 765 2159 mali,

228 2167 363 2200 Praesta
390 2167 467 2198 mihi
494 2165 657 2206 peccatori

226 2217 306 2250 Cum
334 2214 534 2246 confessione
560 2212 651 2250 mori,

226 2264 278 2297 Ne
303 2272 389 2295 mors
417 2262 501 2294 forte
528 2261 696 2302 repentina

226 2313 348 2345 Locum
374 2311 478 2350 tollat,
504 2315 539 2342 tu
566 2309 686 2341 festina

223 2360 320 2402 Mihi,
347 2361 431 2405 Iesu,
459 2358 631 2391 subvenire

224 2409 338 2450 Neque
363 2408 451 2440 sinas
477 2416 527 2439 me
554 2405 671 2447 perire.

971 196 1048 229 Quia
1069 194 1145 231 apud
1168 195 1336 221 Dominum

875 263 906 296 7.
933 262 996 295 Sed
1023 263 1099 303 quid
1126 262 1219 301 plura
1247 262 1350 294 dicum
1377 270 1445 302 ego,

931 311 991 350 Qui
1017 320 1076 351 per
1101 310 1200 342 multa
1227 310 1296 341 loca
1323 311 1403 350 lego,

929 359 1019 399 Quod
1046 358 1238 398 misericors,
1267 359 1352 398 quod
1380 357 1452 398 pius

929 406 975 438 Es
1000 406 1056 438 ille
1081 405 1141 438 Dei
1168 405 1263 447 filius,

929 455 987 494 Qui
1015 454 1129 486 clamat
1155 454 1302 484 omnibus
1329 453 1435 486 horis:

930 502 1014 533 Nolo
1040 506 1172 533 mortem
1200 502 1390 542 peccatoris,

930 550 1116 591 Revertcre‚
1145 548 1318 581 Sunanitis.

929 598 978 629 Tu
1004 607 1036 628 es
1064 598 1196 637 palmes,
1225 606 1282 636 ego
1310 598 1394 635 vitis,

929 647 962 679 Si
982 646 1028 677 vis
1056 645 1139 677 serre
1167 644 1305 676 fructum
1332 645 1462 685 bonum,

930 694 1132 734 Recognosce
1159 702 1208 724 me
1235 697 1424 733 patronum3

928 742 964 774 In
992 751 1041 773 nie
1067 747 1126 777 sta,
1154 741 1235 772 sicut
1262 742 1293 772 in
1320 742 1386 773 vite

929 790 1057 822 Patmes
1084 789 1170 827 favit7
1198 790 1272 828 quia
1299 790 1383 821 vitae

928 837 1101 878 Utriusque
1127 847 1195 868 suin
1224 838 1359 869 donator

932 886 1026 926 Legis
1053 891 1147 926 atquc
1173 886 1350 925 legislator.

952 1000 991 1026 Et
1013 1001 1075 1035 ipse
1098 999 1218 1026 redimet
1240 1000 1340 1026 Israel.

869 1067 901 1099 8.
926 1069 986 1107 Qui
1014 1069 1053 1099 de
1076 1077 1171 1099 manu
1199 1068 1374 1100 Pharaonis

925 1116 966 1147 Et
996 1117 1034 1146 de
1061 1116 1133 1156 iugo
1161 1115 1334 1154 Babylonis

926 1164 1078 1195 Israelem
1106 1164 1280 1199 redemisti,

925 1212 1058 1250 Quando
1086 1213 1189 1243 dices:
1221 1212 1347 1243 Vadant
1370 1212 1423 1243 isti

923 1260 977 1291 Ad
1004 1260 1167 1291 interitum
1195 1265 1371 1300 aeternum,

924 1308 968 1340 Et
993 1308 1040 1339 illi
1068 1317 1199 1347 reguum
1226 1318 1399 1347 supernum

925 1356 1072 1387 Habeant
1103 1365 1169 1387 cuni
1198 1361 1289 1395 patre
1316 1366 1396 1394 meo,

925 1404 1014 1435 Tune
1041 1405 1170 1444 ignosce
1196 1404 1272 1435 milii
1301 1415 1365 1445 reo,

923 1452 1084 1492 Quidquid
1113 1453 1297 1492 perpetravi
1325 1453 1410 1491 mali,

923 1500 973 1532 De
999 1509 1163 1540 poenaque
1191 1501 1367 1532 barathrali

926 1549 1097 1580 Custodias
1125 1557 1173 1579 me
1200 1550 1360 1589 miserum,

923 1597 969 1630 Ut
994 1602 1025 1627 te
1048 1597 1176 1629 landem
1204 1598 1306 1629 Deum
1331 1607 1442 1630 verum

924 1645 986 1676 Per
1012 1646 1139 1677 saecula
1165 1646 1302 1679 infinita.

924 1694 1039 1731 Anien,
1067 1695 1169 1725 Amen
1197 1693 1251 1725 fiat
1274 1695 1327 1726 itu.

1039 1809 1142 1836 Gloria
1165 1811 1248 1843 patri.

863 1877 896 1909 9.
922 1876 992 1908 Deo
1019 1878 1103 1916 patri
1131 1877 1170 1907 sit
1197 1878 1309 1917 gloria,

923 1925 982 1964 Qui
1010 1925 1133 1964 potenti
1160 1927 1306 1964 potentia

925 1973 1014 2005 Colla
1042 1973 1142 2005 calcat
1169 1973 1318 2007 sublimia

922 2021 966 2052 Et
993 2022 1114 2053 exaltat
1140 2021 1282 2059 humilia,

925 2070 1021 2101 Cuius
1048 2069 1282 2110 magnificentia

923 2118 1019 2150 Creat
1047 2122 1079 2148 et
1105 2117 1192 2149 fovet
1218 2120 1336 2154 omnia.

923 2165 1008 2197 Laus
1035 2166 1184 2206 perennis
1210 2167 1249 2198 sit
1278 2168 1355 2209 filio,

923 2214 981 2253 Qui
1009 2214 1048 2245 de
1076 2215 1176 2254 patris
1203 2217 1337 2248 consilio

922 2260 1019 2295 Victo
1045 2262 1156 2294 mortis
1183 2264 1318 2303 imperio

922 2309 990 2341 Nos
1017 2310 1110 2342 duxit
1135 2310 1175 2342 ab
1202 2313 1316 2344 exsilio

921 2357 1174 2398 Sanctorumque
1201 2361 1335 2393 concilio

920 2406 1027 2438 lunxit
1055 2411 1085 2438 et
1113 2408 1192 2447 czicli
1219 2410 1347 2449 gaudio.
