1651 2680
665 74 831 110 —305
883 94 927 99 —

152 171 187 204 3.
215 169 338 204 Contra
363 175 468 204 sectas
493 180 688 212 paganorum
847 174 878 205 4.
906 172 998 206 Dono
1025 174 1114 207 cuius
1141 178 1189 206 est
1215 184 1382 217 eggressus

215 218 260 252 Et
285 219 424 252 cultores
449 220 609 252 idolorum
905 221 948 254 Et
976 222 1126 255 celeriter
1152 224 1315 263 ingressus

261 267 435 310 Opponens
460 277 495 300 se
520 267 659 309 obvium,
955 270 1073 302 Nobile
1100 272 1316 305 Brundisium.

214 314 338 348 Navem
365 316 511 356 protinus
537 316 681 357 intravit,
906 319 1005 358 Quem
1031 319 1214 358 Aproculus
1241 320 1391 362 inspexit,

214 363 328 396 Statim
355 368 484 396 sanctus
510 364 671 396 invocavit
908 367 1039 398 Praesul
1065 371 1181 406 terrae7
1218 377 1276 400 nec
1303 370 1463 409 despexit,

259 412 321 445 Dei
346 413 450 454 patris
476 411 589 447 filium.
953 414 1092 454 Excepit
1116 417 1148 448 in
1175 415 1273 448 filium

499 512 530 542 5.
558 508 601 541 Et
627 509 917 549 archidiaconatus,

563 557 641 590 Post
667 559 771 596 coegit
797 560 999 598 praesulatus

614 606 838 638 Conscendere
864 607 988 639 solium.

480 699 534 733 R⁰
562 701 632 744 Eia,
660 701 788 745 fratres,
817 703 920 734 canite
947 707 1006 736 etc.

771 818 827 852 IV.

174 921 181 929 .
210 894 342 927 Romam
369 896 460 927 vadit
484 895 694 932 ordinandus,
843 897 875 928 3.
903 896 965 927 Sed
993 896 1175 934 Aproculus
1202 904 1273 927 cum
1300 904 1336 927 eo

210 943 319 983 Papae
344 943 492 975 manibus
518 944 705 974 tractandus
902 943 1043 975 Rediens
1070 947 1203 975 vocante
1231 943 1299 976 Deo

256 991 299 1023 Et
325 991 378 1032 pie
404 991 587 1030 suscipitur,
950 991 1047 1030 Apud
1075 993 1195 1023 Ansam
1224 992 1377 1033 moritur3

208 1038 278 1070 Deo
303 1040 390 1070 intus
416 1039 606 1078 inspirante,
903 1041 1074 1078 Postquam
1102 1044 1231 1070 sanctus
1258 1040 1436 1081 emigravit,

210 1087 302 1128 Papa
327 1086 407 1119 foris
433 1090 588 1127 operante
904 1086 1037 1119 Praesul
1065 1087 1126 1118 sibi
1153 1088 1353 1119 consecravit

257 1135 362 1175 Caput
389 1139 421 1167 et
445 1144 535 1166 mens
561 1135 699 1175 ungitur,
951 1135 1098 1175 Domum,
1126 1136 1209 1166 sicut
1235 1136 1387 1168 cernitur.

175 1258 182 1264 .
210 1231 253 1263 Et
281 1231 343 1262 sibi
368 1230 586 1271 pontificatus,
842 1232 874 1263 4.
903 1232 981 1263 Post
1007 1230 1047 1261 ad
1075 1231 1199 1270 Apulos
1227 1240 1386 1273 reversuS‚

208 1280 399 1311 Animarum
425 1279 628 1319 praesulatus
903 1279 966 1311 Ubi
993 1279 1130 1318 populus
1158 1280 1304 1311 inversus

256 1329 320 1360 Per
346 1327 462 1359 Iulium
489 1327 647 1363 traditum
951 1326 1123 1358 Habitusse
1154 1327 1281 1365 dicitur,

209 1375 287 1408 Post
313 1380 478 1416 acceptam
505 1375 687 1406 missionem
900 1374 1054 1406 Evidenti
1082 1376 1205 1406 ratione

207 1422 339 1455 Necnon
367 1423 625 1455 benedictionem
901 1423 1018 1455 Omnes
1045 1427 1077 1454 et
1102 1423 1247 1454 oratione

256 1474 291 1505 In
318 1480 397 1512 pace
424 1471 608 1504 dimittitur.
949 1471 1152 1502 Convertisse
1179 1471 1306 1510 legitur.

496 1570 528 1599 5.
555 1567 666 1600 Omnis
694 1567 773 1598 ritus
800 1576 1007 1606 paganorum,

558 1616 659 1648 Omne
687 1614 793 1646 fanum
822 1615 981 1646 idolorum

610 1663 800 1702 Pervipsum
829 1663 1016 1696 destruitur.

475 1757 530 1790 R⁰
558 1758 628 1797 Eia,
656 1757 784 1799 fratres,
813 1760 918 1790 canite
945 1764 1005 1792 etc.

773 1876 811 1906 V.

169 1978 176 1985 .
207 1951 277 1984 Iam
305 1953 434 1982 sanctus
461 1954 664 1983 converterat
841 1952 874 1984 2.
902 1953 1019 1984 Plenus
1046 1952 1131 1982 omni
1158 1951 1280 1984 scelere

256 1999 410 2032 Calabros
438 2003 470 2030 et
494 2000 619 2039 Apulos
950 2001 1071 2032 Caesar
1097 2000 1240 2032 Iulianus

207 2048 262 2089 Et,
289 2055 493 2088 quoscunque
518 2051 655 2089 poterat,
899 2048 1012 2086 Audit,
1040 2048 1125 2087 quod
1153 2048 1353 2088 Simpronius

254 2095 423 2129 Edocebat
449 2096 584 2137 populos
951 2100 982 2127 et
1008 2096 1203 2128 Aurelianus

209 2144 352 2185 Elargiri
378 2145 512 2184 propria
902 2144 950 2177 Sit
978 2148 1111 2184 uterque
1137 2145 1266 2184 publice

255 2193 323 2225 Nec
349 2201 478 2225 servare
504 2193 637 2233 locum,
951 2192 1054 2224 factus
1081 2192 1288 2232 christianus,

202 2242 250 2276 Ut
276 2241 424 2274 Christus
450 2243 662 2282 praeceperat
900 2241 1070 2272 Frendeus
1096 2245 1225 2281 torquet
1251 2244 1360 2275 oculos

256 2290 321 2322 Per
345 2298 420 2323 suos
445 2290 620 2330 apostolos
949 2293 1111 2328 tamquam
1138 2290 1189 2321 vir
1214 2290 1356 2324 insanus

471 2387 500 2419 R
511 2384 526 2405 ⁰
552 2386 624 2426 Eia,
653 2384 782 2427 fratres,
811 2385 916 2418 canite
942 2389 1003 2418 etc.

183 2447 326 2475 Dreves,
343 2445 394 2469 Pia
410 2445 576 2469 Dictamina.
608 2445 670 2468 VII.
1249 2443 1286 2473 20
