1651 2680
691 81 950 118 -336—

168 181 225 213 36.
251 179 330 212 Sunt
355 179 408 218 qui
434 179 504 210 iura
529 178 669 210 castitati

164 530 220 562 37.

167 877 222 910 38.

170 1228 226 1260 39.

171 1579 227 1611 40.

172 1927 227 1959 41.

168 2277 225 2309 42.

247 227 311 259 Sua
336 231 463 266 negant,
491 226 648 266 voluptati

295 273 421 306 Subditi
449 281 614 311 venereae,

245 322 310 354 Sub
338 321 444 355 Dione
469 321 528 352 toti
553 320 654 352 fluunt

244 370 298 407 Et,
325 377 387 409 quo
413 378 486 401 caro
512 369 610 406 ducit,
639 375 746 410 ruunt,

296 420 434 451 Pereunt
460 420 645 455 spontanea.

248 527 371 560 Passim
396 530 491 558 ruunt
517 536 605 557 more
631 524 719 557 ferae

247 577 316 608 Nec
340 576 372 606 in
398 575 463 606 ullo
489 578 573 605 statu
601 574 668 605 fere

298 622 427 655 Distant
453 633 472 654 a
497 623 676 661 pecoribus,

248 672 367 703 Vivunt
393 680 528 709 namque
553 678 641 701 more
666 670 732 700 suis

250 719 307 749 Vel
335 718 476 759 iumenti,
503 718 555 756 qui
581 718 612 749 in
639 718 703 748 suis

297 767 455 799 Putrescit
481 766 684 798 stercoribus

249 876 321 907 Toti
346 874 447 906 fluunt
472 875 539 905 sine
565 884 663 912 mora,

250 925 377 961 Tutent,
404 926 516 962 putent
544 923 575 953 in
603 921 734 960 foetore,

300 971 373 1002 Toti
398 975 471 1001 sunt
497 970 529 1000 in
554 970 689 1007 macuia,

251 1019 321 1059 Qui,
349 1019 421 1048 dum
441 1018 519 1049 bene
538 1018 791 1057 grammatizant.

253 1067 288 1097 In
316 1070 429 1097 natura
456 1065 661 1096 barbarizant

298 1114 452 1145 Errantes
478 1123 497 1143 a.
521 1114 639 1152 regula.

253 1228 328 1258 Vidi
354 1227 518 1266 quosdam,
545 1227 640 1258 immo
666 1227 780 1258 multos

251 1275 354 1306 Nimis
381 1283 471 1305 senes
498 1278 529 1304 et
554 1274 705 1314 sepultos,

299 1323 447 1361 Sepultus
474 1321 625 1360 desidiae,

252 1371 311 1409 Qui
339 1370 463 1400 deiecta
488 1374 592 1400 mente
618 1370 731 1407 iacent,

252 1418 372 1457 Quibus
396 1421 519 1448 tantum
545 1417 646 1448 somni
666 1417 795 1455 placent

303 1465 466 1504 Torporis,
494 1464 627 1496 acidiae.

257 1579 326 1617 Qui,
359 1578 431 1609 dum
458 1578 579 1618 vivunt,
607 1578 795 1616 moriuntur,

256 1627 330 1666 Vix,
356 1631 391 1656 ut
417 1627 535 1665 vivant,
562 1627 726 1665 patiuntur

300 1674 425 1705 Deiecti
450 1683 509 1714 per
533 1674 649 1711 otium3

253 1723 337 1760 Quos
362 1723 502 1762 torporis
528 1720 621 1753 funus
648 1721 743 1761 capit,

254 1770 391 1807 Quorum
421 1770 485 1801 vita
510 1774 633 1800 noctem
660 1769 755 1809 sapit,

300 1818 436 1856 Quorum
465 1826 533 1848 esse
560 1817 711 1850 taedium.

256 1926 345 1964 Sunt,
372 1927 403 1958 in
431 1926 544 1967 quibus
570 1927 619 1958 ira
645 1925 762 1966 fremit,

253 1975 393 2006 Mentem
419 1975 546 2016 premit,
575 1975 657 2006 vires
685 1974 784 2005 demit

255 2037 261 2042 ·
301 2023 446 2054 Rationis
471 2023 599 2060 usibus;

255 2070 336 2101 Nam
356 2070 429 2101 dum
448 2074 583 2101 mentem
602 2069 719 2110 premit
736 2069 794 2111 ira,

255 2118 348 2149 Mens
374 2127 432 2157 per
457 2119 535 2149 iram
562 2118 598 2149 fit
624 2117 726 2149 delira

302 2166 374 2197 Suis
400 2175 512 2198 carens
537 2166 667 2198 visibuS.

256 2275 344 2308 Haec
369 2279 417 2306 est
443 2284 554 2307 carens
580 2276 711 2308 rationis

252 2323 296 2355 Et
320 2324 466 2355 internae
490 2325 629 2356 notionis

300 2371 444 2404 Pessima
468 2373 672 2412 proscriptio.

850 515 908 546 43.

854 838 909 869 44.

854 1166 910 1196 45.

856 1488 912 1520 46.

855 1812 910 1843 47.

855 2136 911 2167 48.

934 179 1033 218 Apud
1059 179 1213 220 quosdam
1239 178 1423 218 hospitatur

939 225 1037 259 Livor
1063 227 1157 268 edax,
1184 226 1298 268 quibus
1325 226 1422 258 datur

983 276 1088 308 Prava
1113 275 1294 313 retributio,

935 321 1018 354 Nam
1043 324 1076 355 in
1101 323 1174 355 illos
1200 323 1303 363 prima
1326 320 1414 364 furit,

939 370 1017 402 mos
1043 372 1184 411 damnat,
1208 371 1282 402 illos
1306 370 1370 401 urit

982 418 1110 451 Livoris
1135 418 1266 450 iudicio.

934 513 995 551 Qui
1008 513 1166 545 laetanter
1175 513 1344 553 plaudunt,
1360 513 1480 556 rident,

935 560 1155 592 Proximorum
1182 562 1209 592 si
1235 569 1326 600 quem
1354 561 1466 593 vident

985 608 1049 640 Sub
1076 607 1203 640 fortuna
1228 617 1364 650 gemere,

934 655 962 687 E
989 665 1141 688 converso
1167 658 1276 689 tristes
1302 656 1392 695 fiunt,

938 703 1082 746 Gement,
1111 704 1220 744 lugent
1269 731 1275 736 .
1328 731 1334 737 .
1387 729 1395 737 .

985 776 1348 787 .......

938 837 1001 869 Sed
1027 837 1104 877 quid
1130 837 1236 869 dicam
1263 838 1303 869 de
1321 838 1480 878 superbis,

935 885 995 924 Qui
1022 886 1080 917 sub
1106 890 1207 925 gestu,
1235 883 1330 925 facto,
1357 886 1464 918 verbis

986 934 1022 964 In
1048 936 1118 964 arte
1145 933 1316 975 desipiunt,

936 981 1005 1012 Nec
1023 990 1057 1012 se
1075 981 1221 1021 credunt,
1240 982 1294 1020 qui
1309 986 1392 1018 sunt.
1412 990 1482 1014 esse

937 1028 1005 1059 Nec
1023 1032 1096 1060 sunt
1113 1037 1219 1060 secum
1241 1037 1299 1060 nec
1318 1038 1417 1069 penes
1435 1039 1481 1070 se,

985 1077 1047 1108 Sed
1075 1085 1172 1116 supra
1198 1086 1232 1108 se
1258 1078 1404 1116 sapiunt3

938 1163 1026 1194 Inter
1052 1163 1167 1194 multos
1194 1162 1358 1206 partiales,

937 1210 975 1241 In
1002 1210 1158 1241 communi
1185 1211 1351 1251 speciales,

987 1258 1175 1290 Communes
1201 1259 1233 1290 iu
1259 1259 1378 1298 specie,

939 1308 1078 1344 Quorum
1104 1305 1203 1336 verba
1229 1309 1301 1337 sunt
1327 1311 1483 1346 exceptae

937 1353 1082 1384 Rationis
1110 1353 1159 1384 vel
1185 1354 1314 1392 ineptae

984 1401 1129 1432 Actionis
1155 1401 1316 1441 propriae.

939 1486 998 1517 His
1024 1486 1201 1525 abundans,
1229 1487 1278 1518 his
1304 1488 1483 1521 iucundans

940 1534 1006 1565 Nos
1037 1535 1216 1566 immundus
1243 1534 1321 1566 facit
1347 1536 1483 1569 mundus

986 1582 1027 1613 Et
1053 1582 1232 1614 immundos
1260 1583 1378 1624 vivere,

939 1629 1035 1661 Cuius
1061 1629 1166 1668 flores,
1193 1631 1288 1662 immo
1315 1630 1453 1671 foenum,

938 1676 1034 1708 Cuius
1052 1687 1184 1719 gemma,
1207 1679 1302 1710 immo
1320 1688 1481 1721 scaenam,

986 1725 1181 1757 Laboramus
1206 1730 1336 1760 metere.

939 1811 1003 1842 Sed
1028 1811 1129 1842 notati
1155 1812 1267 1852 culpae
1293 1817 1380 1853 nota,

938 1857 1004 1889 Nos
1031 1859 1145 1891 devote
1170 1864 1282 1891 nostra
1306 1865 1382 1894 vota

987 1907 1232 1939 Praesentemus
1259 1909 1386 1951 virgini,

937 1953 1002 1985 Per
1030 1964 1123 1994 quam
1150 1955 1268 1988 mundo
1294 1958 1360 1990 vita
1386 1958 1482 2000 redit,

937 2001 1062 2041 Regnat
1088 2002 1199 2042 virtus,
1227 2004 1322 2044 culpa
1347 2005 1446 2048 cedit,

988 2049 1079 2081 Salus
1107 2050 1202 2083 datur
1229 2053 1357 2093 bomini,

938 2134 983 2166 Ut
1008 2135 1047 2166 ab
1074 2137 1136 2167 ista
1162 2137 1234 2170 labe
1260 2141 1380 2179 mundi,

939 2183 1008 2221 Qua
1033 2187 1185 2225 tenemur,
1214 2187 1312 2218 simus
1338 2188 1450 2220 mundi

985 2231 1048 2263 Per
1073 2232 1140 2264 eius
1166 2234 1325 2278 suffragia,

938 2277 982 2310 Ut
1007 2283 1080 2320 post
1105 2280 1197 2312 huius
1224 2283 1309 2315 vitae
1335 2293 1463 2316 cursum

938 2325 1005 2358 Nos
1031 2327 1071 2359 ab
1098 2328 1161 2360 imo
1189 2330 1284 2362 ducat
1309 2341 1436 2364 sursum

986 2376 1039 2407 Ad
1066 2376 1146 2408 caeli
1171 2379 1302 2418 palatia.
