1651 2680
669 68 832 103 —366
883 88 926 93 —

529 190 595 221 322.
636 190 678 220 De
698 187 846 221 Avaritia
865 189 1059 220 Praesulnm.

154 282 184 313 1.
210 279 292 311 Satis
318 279 417 312 verba
444 280 532 311 varia

257 336 381 366 possem
407 328 551 359 invenire

207 375 249 407 Et,
275 384 312 406 ea
338 374 496 406 coloribus

256 423 352 454 variis
378 423 504 464 vestire,

211 471 273 503 Sed
300 471 372 510 quia
399 471 567 510 prolixitas

257 519 337 550 solet
364 517 522 558 fastidire,

208 565 321 598 Brevis
347 575 416 597 esse
442 567 546 607 cupio,

256 615 328 645 nolo
354 614 511 645 lascivire.

209 709 329 741 Nolunt
354 709 456 740 nostri
488 709 652 747 praesules

254 757 371 788 liberos
397 765 453 788 nos
480 755 560 796 fore,

207 805 305 837 Immo
332 804 441 835 volunt
468 805 585 842 vivere,

254 862 310 883 nos
339 852 449 883 servili
476 860 574 890 more,

206 900 265 938 Qui
291 909 353 931 non
379 899 491 930 laudat
516 900 633 941 onmia,

255 956 335 986 quae
361 946 501 978 fatentur
527 955 591 982 ore,

207 995 240 1028 Si
265 1004 357 1034 quem
384 994 466 1026 forte
493 995 645 1034 possidet,

255 1043 386 1082 pellitur
413 1043 542 1076 honore.

208 1138 245 1169 In
271 1138 429 1169 subiectos
456 1139 601 1169 saeviunt

254 1190 460 1226 tyrannorum
486 1194 572 1217 more

206 1233 248 1265 Et
273 1242 328 1264 eos
353 1232 498 1264 afliciunt!

252 1281 348 1312 nimio
376 1281 496 1319 dolore,

205 1329 352 1367 Quisquis
383 1329 458 1359 dare
485 1328 614 1368 poterit,

255 1377 314 1406 erit
340 1375 371 1405 in
399 1385 515 1414 amore,

204 1424 262 1463 Qui
291 1424 333 1454 nil
363 1423 439 1454 dare
466 1422 592 1464 poterit,

253 1471 314 1501 erit
340 1471 371 1501 in
395 1479 549 1504 maerore.

835 281 866 312 4.
894 277 966 310 Non
991 277 1166 311 formidant
1191 279 1320 311 Domini

943 327 1065 366 templa
1088 327 1288 364 subhastare,

895 375 976 408 Care
1002 375 1111 407 volunt
1135 376 1285 417 vendere,

942 422 1021 454 nihil
1046 423 1144 462 gratis
1172 423 1259 464 dare,

897 470 1064 510 Nunquam
1091 471 1196 502 vultus
1222 471 1341 502 hilares

943 519 1046 549 solent
1073 519 1303 558 demonstrare,

895 565 967 596 Nisi
994 566 1081 605 prius
1106 566 1229 598 loculus

944 614 1055 653 incipit
1081 623 1205 649 sonare,

862 734 869 741 .
897 708 1070 740 Caritatem
1096 709 1261 751 nominant

944 757 1013 797 hoc,
1041 756 1124 796 quod
1153 757 1198 788 eis
1226 756 1330 799 datur,

897 805 1038 836 Sinionia
1063 804 1189 836 nomine

943 861 1023 884 novo
1050 852 1243 891 baptizatur.

895 900 947 930 Ad
974 899 1050 939 quid
1075 900 1170 938 plura
1195 898 1344 942 referam,

944 956 1035 979 nemo
1061 947 1262 988 sublimatur,

895 995 965 1026 Nisi
993 995 1080 1035 prius
1107 995 1266 1034 praesulis

943 1043 1039 1074 bursa
1064 1042 1238 1082 repleatur.

857 1166 863 1172 .
890 1139 981 1177 Quod
1007 1143 1081 1169 sunt
1106 1147 1181 1170 vera
1209 1138 1297 1179 talia,

938 1186 1083 1217 omnibus
1111 1191 1159 1218 est
1185 1192 1305 1225 notum,

890 1233 1024 1266 Morbus
1047 1235 1108 1265 iste
1134 1234 1249 1266 volitat

938 1291 996 1321 per
1022 1282 1105 1313 hunc
1129 1282 1238 1313 orbem
1264 1285 1377 1321 totum,

893 1329 996 1366 Quare
1025 1330 1075 1360 vix
1100 1330 1244 1361 invenies

941 1386 1036 1408 unum
1063 1378 1275 1418 sacerdotum,

891 1425 920 1456 A
947 1428 1009 1455 tam
1037 1426 1125 1464 gravi
1153 1424 1284 1456 crimine

941 1473 1067 1511 penitus
1094 1477 1260 1505 remotum.

210 1566 329 1593 Collect.
350 1573 402 1590 ms:
425 1566 452 1591 S,
474 1564 574 1591 Albini
596 1564 635 1597 (et
655 1566 684 1592 S.
706 1565 854 1602 Maglorii)
875 1575 948 1592 saec.
982 1564 1101 1593 10-13.
1143 1567 1213 1594 cod.
1235 1567 1331 1594 Vatic.
1347 1568 1451 1604 Regin.

134 1602 199 1631 711.
221 1603 285 1630 add.
308 1612 382 1629 sace..
407 1602 477 1629 '²s'13.

627 1695 694 1727 323.
737 1697 778 1727 De
799 1695 946 1727 Simonia.

148 1788 177 1818 1.
205 1786 264 1818 Est
289 1786 426 1826 pretium
454 1785 485 1816 in
513 1786 629 1826 pretio,

207 1834 246 1866 Et
275 1835 385 1866 vitiata
410 1834 552 1874 praemio

206 1882 314 1913 Virtus
339 1885 387 1912 est
413 1883 497 1913 victa
525 1882 611 1921 vitio,

254 1930 410 1961 Damnum
438 1930 555 1970 plango
577 1938 750 1972 commune,

253 1978 421 2009 Communi
446 1978 577 2009 trahunt
603 1977 677 2009 fune

208 2026 273 2058 Nos
300 2027 422 2056 lucrum
449 2029 479 2055 et
505 2026 648 2058 ambitio.

146 2124 175 2153 2.
202 2120 262 2160 Qui
288 2120 383 2152 habet
408 2129 500 2152 aures
526 2120 652 2152 audiat:

206 2168 374 2201 Helisaeus
401 2168 526 2208 gieziat‚

203 2218 245 2249 Et
271 2217 400 2257 Moyses
429 2216 601 2256 adpropiat

251 2265 304 2296 Ad
331 2264 442 2296 rubum
471 2265 640 2303 calceatus⁷

249 2312 293 2344 Et
318 2321 440 2353 pauper
465 2311 501 2343 fit
526 2312 679 2352 ingratus,

205 2363 285 2396 Cum
311 2361 411 2401 gratis
435 2368 470 2392 se
496 2359 673 2393 discalciat.

832 1788 863 1818 3.
891 1786 935 1818 Te
962 1787 1073 1819 videns
1099 1786 1182 1819 infra
1210 1789 1375 1829 speculum

894 1834 1007 1866 Vultus
1033 1835 1094 1866 Dei
1121 1835 1319 1875 signaculum

891 1882 933 1914 Et
958 1883 999 1914 ad
1026 1882 1106 1914 lucri
1132 1885 1352 1922 spectaculum

938 1929 991 1962 Sic
1018 1939 1146 1962 currere
1172 1933 1340 1973 spectaris,

940 1977 1028 2010 Sacri
1052 1979 1126 2010 dum
1153 1981 1308 2012 oscularis

891 2026 1055 2058 Secretum
1081 2028 1146 2058 oris
1169 2028 1324 2063 osculum.

831 2122 863 2153 4.
891 2121 985 2153 Cruci
1010 2122 1112 2153 servis
1138 2130 1197 2153 nec
1222 2124 1255 2155 in
1282 2132 1386 2165 cruce,

891 2168 968 2201 Cum
996 2168 1061 2201 fers
1087 2178 1212 2202 crucem
1238 2172 1328 2204 lucro
1355 2172 1446 2215 duce,

892 2217 970 2249 Inde
997 2226 1072 2249 casu
1098 2218 1202 2249 crucis
1228 2223 1319 2252 truce

939 2265 1128 2298 Cruciamur
1153 2268 1267 2298 merito

939 2313 1034 2354 Ligni
1059 2314 1141 2345 sacri
1168 2315 1273 2346 subito

891 2360 1058 2401 Eclipsata
1083 2362 1165 2395 luce.
