1651 2680
697 131 957 166 -261—

179 226 236 260 11.
262 227 370 272 Pater*
385 229 505 266 sancte,
548 212 551 214 ’
871 229 927 261 12.
954 229 1120 262 Adiuvare

261 275 307 307 Te
331 275 462 307 iuvante
954 277 1020 309 Nos
1047 278 1180 318 dignare

310 323 415 356 Simus
440 322 473 354 in
500 323 700 365 caelestibus,
1001 325 1128 357 Stantes
1154 326 1187 357 in
1214 326 1345 364 exsilio3

262 371 352 403 Haec
376 378 434 402 nos
461 379 535 402 vere
953 374 999 404 Te
1025 383 1204 415 sequamur,

261 418 328 450 Fac
353 418 471 450 habere
952 421 994 453 Ut
1021 420 1164 453 fruamur

307 465 384 498 Tuis
409 466 528 498 sanctis
556 467 716 507 precibus.
1000 469 1147 501 Paradisi
1173 470 1298 509 gaudio.

239 570 346 597 Horat.
371 579 424 598 ms.
441 571 679 598 Franciseanum.
702 579 779 599 saec.
807 571 849 599 15.
892 573 962 599 Eud.
976 574 1072 599 Vatic.
1088 573 1192 608 Regin.
1216 572 1278 600 165.
1297 590 1327 592 -
1346 574 1371 601 2.
1395 574 1408 601 l
1428 576 1486 601 Fac

161 617 215 635 nos
238 608 348 636 ardere.
370 624 407 627 —
427 607 461 640 4,
488 608 507 635 4
529 610 631 643 Quam.
652 624 689 629 -—
711 609 743 644 6,
766 608 784 636 3
807 611 934 638 Nostrae
955 612 1059 638 crucis.
1082 625 1119 630 —-
1140 612 1173 642 ὅ,
1194 610 1211 637 4
1233 613 1427 639 immensium.
1449 626 1487 631 ——

162 644 188 679 ³3,
212 643 230 673 6
250 646 291 674 Et
304 651 459 675 cortuum.
475 662 512 666 —
526 646 552 679 9,
573 646 592 675 3
606 652 674 676 ante
692 648 853 676 Christum.
869 663 903 667 —
919 650 1007 676 Trotz
1023 650 1074 676 der
1088 645 1273 678 Uberschrift
1289 649 1483 686 „Sequentiffl‘

162 686 192 712 in
213 685 264 712 der
285 686 390 719 Quelle
411 686 460 713 ein
483 687 663 722 Reimgebet.

570 856 630 887 221.
673 857 714 888 De
736 859 848 888 sancta
869 857 1093 889 Frideswitha.

360 962 471 998 Firma
496 965 708 1008 Frideswida,
736 967 811 999 fidei
838 966 906 1005 flos,
935 966 1054 999 femina
1080 968 1154 1005 fida,

361 1011 481 1047 Rectos
507 1014 568 1045 rite
594 1023 708 1054 regens
734 1024 841 1055 regem
869 1016 1074 1054 reprobando
1100 1016 1269 1054 repellens,

361 1059 451 1102 Ignis
476 1061 617 1093 iustitiae
643 1063 737 1094 iubar
762 1063 933 1094 irradiavit
958 1064 989 1094 in
1017 1064 1082 1097 illa.

356 1106 519 1150 Dogmata
549 1110 645 1150 digna
672 1111 732 1142 Dei
760 1111 949 1143 dominabus
976 1112 1055 1143 dans
1083 1111 1249 1147 duodenis,

299 1160 330 1190 5.
358 1154 484 1190 Edibus
512 1167 551 1189 ex
579 1159 645 1189 eius
672 1167 816 1190 enormes
843 1159 967 1198 expulit
994 1166 1090 1193 estus,

355 1201 475 1240 Sacras
505 1210 616 1238 sancta
642 1207 703 1238 sibi
729 1206 853 1239 studuit
878 1207 1001 1238 sociare
1027 1208 1166 1248 sodales,

356 1251 458 1294 Virgo
484 1259 620 1285 venusta
645 1256 755 1295 vigens
780 1254 911 1286 virtutis
936 1255 1085 1287 vendicat
1115 1264 1214 1296 vsum,

356 1299 402 1334 Vt
425 1301 504 1333 viris
532 1302 664 1333 vetitum
692 1303 802 1335 vitium
831 1303 933 1334 vitare
961 1304 1098 1337 volebat.

355 1347 458 1383 Iudex
487 1350 629 1382 iustitiae
654 1351 748 1383 iubar
772 1351 883 1390 ingens
910 1351 1015 1382 intulit
1044 1352 1102 1391 illi,

277 1398 328 1432 10.
358 1395 472 1431 Turris
498 1398 579 1430 tuba
604 1403 724 1430 trucem
752 1402 906 1430 tortorem
934 1399 1070 1431 tundere
1097 1404 1270 1438 temptans

356 1443 416 1478 llic
441 1445 589 1478 habitans
616 1447 745 1478 humilis
772 1447 903 1478 hostiles
930 1447 1055 1478 horruit
1082 1448 1201 1488 hamos,

354 1491 527 1535 Angelicas
552 1495 637 1526 acies
663 1495 817 1527 adamans
843 1495 989 1526 ascendit
1015 1496 1056 1527 ad
1083 1499 1181 1528 astra.

233 1598 315 1625 Orat.
335 1607 391 1626 ms.
414 1599 611 1634 Anglieanum
632 1608 708 1627 saec.
727 1599 770 1627 15.
811 1599 883 1627 (jod.
903 1601 1048 1627 Oxouien.
1071 1599 1161 1627 Rawl.
1183 1602 1205 1626 C
1221 1598 1276 1627 550
1295 1598 1343 1628 (12
1354 1598 1428 1633 403).
1446 1614 1481 1618 -

158 1636 175 1662 2
196 1636 381 1672 reprobando
405 1637 523 1672 repelle.
545 1652 581 1656 —
606 1637 640 1665 12
661 1639 698 1665 ab
720 1641 810 1665 astra.
831 1653 869 1657 —
891 1639 930 1665 Es
952 1639 1049 1674 fulgen
1065 1640 1094 1665 in
1109 1638 1160 1665 der
1176 1638 1369 1666 Handschrift
1381 1641 1479 1675 einige

156 1674 262 1702 andere
283 1675 458 1704 erzahlende
484 1677 574 1703 Verse
598 1678 650 1704 mit
670 1677 736 1704 dem
757 1676 888 1712 Ansang:
912 1678 1034 1704 Carne
1057 1677 1323 1704 Frideswidam
1349 1679 1482 1713 genuit

158 1721 224 1740 rex
245 1713 416 1742 Didanus
438 1715 523 1747 iste,
543 1714 592 1742 die
613 1715 697 1742 indes
719 1717 772 1743 mit
796 1716 912 1751 obigem
928 1716 1070 1743 Gedichte
1085 1716 1180 1743 nichts
1197 1725 1232 1742 zu
1247 1719 1299 1743 tun
1314 1716 1418 1744 haben.
1442 1729 1478 1735 —-·

155 1752 304 1779 Absehrift
324 1762 382 1781 von
405 1754 475 1781 Rev.
499 1753 536 1779 Η.
561 1754 600 1780 Μ.
624 1755 789 1782 Bannister.

578 1925 646 1955 222.
688 1924 730 1955 De
752 1927 864 1956 sancta
886 1926 1054 1957 Genovet'a.

170 2035 202 2068 1.
228 2033 408 2075 Genoves'a‚
432 2032 491 2066 flos
517 2034 674 2075 virginum
869 2038 900 2068 3.
927 2035 1111 2076 Genovefae
1137 2035 1299 2068 subiaceat

277 2083 355 2115 Post
373 2087 507 2115 matrem
525 2083 606 2114 lucis
624 2083 789 2124 luminum,
974 2084 1111 2116 Nostrae
1137 2084 1252 2115 mentis
1277 2084 1423 2124 intentio,

227 2130 371 2164 Excuset
397 2131 484 2172 apud
509 2131 680 2163 Dominum
927 2132 976 2163 Ne
1004 2133 1119 2164 vitiosa
1143 2130 1262 2164 foeteat

279 2179 470 2211 Nostrorum
485 2179 595 2219 lapsus
610 2179 789 2211 cn‘minum.
974 2181 1112 2212 Tumens
1139 2181 1246 2212 cordis
1272 2181 1379 2216 elatio,

164 2296 198 2328 2.
225 2293 411 2335 &enorefae
435 2295 639 2335 praeconium
863 2298 894 2328 4.
919 2295 1121 2336 Genovefam
1147 2294 1289 2329 fidelium

273 2343 398 2383 Pangat
422 2342 528 2374 laudis
555 2341 724 2385 confessio,
967 2345 1151 2377 Veneretur
1172 2344 1311 2385 devotio,

221 2391 267 2424 Et
294 2391 426 2432 virginis
451 2391 649 2431 praesidium
924 2392 1045 2432 Culpae
1071 2396 1185 2433 poscat
1212 2395 1388 2426 remedium

277 2439 344 2472 Nos
371 2439 519 2472 absolvat
544 2449 564 2471 a
590 2440 678 2471 vitio.
970 2440 1113 2473 Fervens
1140 2442 1246 2474 cordis
1265 2443 1478 2483 compunctio.
