1651 2680
667 107 928 143 —147—

531 202 562 234 3.
592 203 654 236 Sed
682 204 785 243 gratia

641 251 816 284 Uberantis
842 254 1024 291 pneumatis

591 298 658 330 Nos
685 300 767 331 satia

637 346 679 378 Et
710 348 842 380 dulcore
868 350 1036 392 neumatis,

592 396 659 434 Quo
686 396 802 435 repleti
829 396 927 428 simus
953 398 1032 429 laeti

638 442 799 482 Perpetuo
826 443 975 477 fecunde.

627 557 688 588 Ad
709 559 954 599 *Vesperas

143 640 173 675 1.
199 641 278 683 Ave,
307 641 427 673 clarum
454 642 654 682 miraculum,

200 689 431 729 Prophetarum
460 690 634 727 oraculum,

199 736 318 768 Summi
343 737 419 769 solis
444 737 676 777 umbraculum,

197 784 287 816 Libri
314 786 398 818 vitae
424 785 632 825 signaculum.

245 833 324 872 Ave,
352 833 451 866 clavis
479 834 618 866 deitatis.

830 648 860 677 2.
889 646 969 683 Ave,
997 656 1059 686 qua
1085 646 1166 685 lapsi
1194 653 1347 679 curantur

888 693 932 724 Et
957 695 1059 725 curati
1087 693 1318 736 confortantur,

889 741 1067 773 Consortati
1095 742 1335 779 confirmantur,

888 788 1073 822 Contirmati
1101 791 1328 831 collaetantur,

938 839 1018 876 Ave,
1045 839 1179 878 smigma
1205 839 1392 872 suavitatis·

465 932 496 964 3.
524 931 603 968 Ave,
632 931 785 971 templum
813 932 1000 972 Salomonis,

525 978 732 1010 Perornatum
760 980 849 1011 miris
876 980 979 1019 donis,

522 1026 690 1058 Obiectum
717 1027 783 1058 divi
811 1029 979 1066 sermonis,

524 1075 601 1107 Cum
628 1074 700 1105 imis
726 1084 847 1107 summa
877 1078 1051 1116 componis,

572 1124 653 1163 Ave,
681 1123 782 1154 codex
810 1124 975 1157 trinitatis.

556 1240 616 1270 Ad
653 1238 1009 1278 Completorium.

138 1323 168 1355 1.
195 1322 240 1354 Te
265 1323 345 1355 lucis
371 1324 550 1363 sinceritas,

193 1371 375 1412 Precamur,
402 1373 574 1411 proselitas

193 1418 312 1451 Gentes
338 1420 458 1454 Christi
484 1426 618 1461 protege

192 1467 261 1499 Hoc
286 1473 441 1500 nocturno
466 1473 621 1509 tempore.

826 1328 856 1358 2.
885 1326 986 1358 Cedat
1013 1327 1114 1358 somni
1141 1328 1293 1369 gravitas,

883 1374 926 1404 Et
950 1375 1065 1414 quietis
1092 1375 1207 1406 lenitas

884 1422 1027 1454 Festinet
1052 1423 1206 1455 accedere

883 1470 960 1501 Cum
988 1471 1099 1502 salutis
1125 1480 1232 1510 opere.

517 1567 546 1597 3.
573 1565 646 1597 Tibi
672 1566 778 1597 laudis
804 1567 908 1606 pietas

577 1614 620 1645 Et
646 1614 775 1645 honoris
801 1615 936 1656 bonitas,

576 1662 746 1694 Trinitatis
773 1662 899 1694 nomine

577 1710 710 1750 Semper
737 1711 808 1742 vale
834 1720 1000 1751 prospere.

194 1803 304 1832 Cursus
325 1814 378 1832 ms.
400 1805 642 1841 BMV.{Rupe1-ti
664 1806 801 1839 iunioris)
821 1815 896 1833 saec.
922 1804 964 1832 15.
1006 1807 1075 1833 Cod.
1092 1807 1187 1833 Vatic.
1203 1808 1297 1835 Palat.
1319 1807 1382 1837 541,
1402 1823 1439 1827 —

117 1842 169 1870 Ad
187 1842 299 1871 Laud.
324 1843 354 1876 1,
375 1842 394 1871 4
414 1844 495 1871 Tuus
518 1845 652 1871 mundus.
674 1859 713 1862 —
739 1845 789 1871 Ad
812 1845 910 1871 Tert.
933 1843 963 1872 3.
986 1844 1003 1871 :3
1025 1846 1131 1872 sternis
1153 1854 1169 1872 a
1190 1846 1299 1874 fraude.
1322 1861 1358 1864 -—
1387 1848 1438 1874 Ad

117 1882 202 1909 Non.
225 1880 251 1913 2,
275 1881 293 1909 4
314 1883 411 1910 Fortis
432 1884 572 1910 numinis.
594 1896 631 1902 ——r
652 1882 685 1915 3,
708 1881 725 1910 5
748 1884 832 1917 Quod
855 1884 968 1918 repleti.
990 1897 1027 1902 —
1048 1883 1098 1911 Ad
1120 1884 1224 1920 Vesp.
1245 1884 1271 1918 3,
1294 1884 1311 1911 3
1333 1883 1439 1914 divini.

116 1935 153 1939 —
174 1918 202 1952 3,
222 1919 241 1947 4
261 1921 329 1948 imis
349 1924 381 1949 tu
403 1929 525 1948 summa.

471 2073 535 2105 100.
576 2073 740 2105 Rosarium
762 2074 878 2106 Beatae
902 2074 1019 2105 Mariae
1041 2075 1075 2105 V.

127 2174 160 2208 1.
187 2172 312 2217 Gaude,
340 2175 440 2216 virgo,
467 2174 536 2206 iure
563 2174 685 2214 matris,

185 2221 273 2261 Quae
298 2222 503 2263 splendorem
533 2223 592 2254 Dei
619 2222 722 2263 patris

233 2270 417 2312 Concepisti
443 2271 588 2306 caelitus.

186 2318 272 2358 Quae
298 2320 472 2352 Iohannem
498 2318 680 2358 illustrasti,

184 2367 229 2402 Ut
254 2374 423 2410 cognatam
447 2368 597 2409 visitasti,

231 2416 337 2450 Dom's
362 2417 467 2450 sancti
492 2417 636 2457 spiritus.

819 2176 851 2209 2.
878 2175 977 2214 Quem
1004 2178 1132 2215 gestans
1158 2175 1226 2206 sine
1250 2174 1369 2214 taedio,

878 2223 985 2254 Enixa
1010 2232 1043 2254 es
1070 2231 1139 2253 cum
1166 2223 1293 2264 gaudio,

926 2271 951 2302 Ο
979 2272 1068 2312 virgo
1094 2270 1276 2312 singularis,

878 2319 1018 2351 Verbum
1037 2319 1150 2360 patris,
1169 2329 1296 2352 curnem
1316 2319 1435 2353 factum

877 2367 926 2399 Ex
953 2373 995 2403 te.
1023 2371 1077 2400 tuo
1103 2367 1185 2400 lacte
1210 2374 1346 2408 pastum,

928 2417 971 2450 Ut
998 2417 1100 2448 Deum
1127 2418 1299 2452 veneraris.

1200 2473 1234 2501 10
1250 2474 1255 2486 ³⁴
