1651 2680
93 197 150 230 15.

99 581 154 614 16.

91 966 145 998 17.

91 1350 146 1384 18.

87 1736 141 1771 19.

82 2125 139 2159 20.

622 99 860 136 -49—

176 194 277 236 Regis
303 197 409 237 magni
435 197 624 239 convivium,

224 245 296 276 lesu
321 253 430 276 mensa
457 250 601 286 paratur,

174 294 351 325 Aeternum
378 301 518 333 sponsae
535 293 713 332 praemium

222 339 287 372 Per
311 341 415 372 lesum
442 340 663 380 ministratur;

174 388 222 420 Tu
249 387 318 429 ipse
343 396 454 420 verum
479 389 640 430 gaudium,

174 436 376 470 Currentium
404 440 439 468 tu
465 435 620 478 bravium,

224 484 287 516 Per
313 488 345 516 te
372 493 460 516 mens
487 488 668 517 coronatur.

180 578 353 619 Romnum,
379 580 462 621 Iesu,
491 580 643 611 mentium

222 628 334 660 Dulcis
362 628 478 668 hospes
505 628 639 670 vocaris,

174 678 211 709 In
237 679 269 707 te
295 676 571 715 requiescentium,

222 724 270 755 Tu
296 724 385 764 quies
411 724 597 764 appellat-ie,

175 773 261 805 Fons
288 773 371 804 vitae
397 773 584 813 sitientium,

176 820 272 854 Cibus
299 820 506 852 esurientium

221 868 280 910 Tu,
307 869 389 909 Iesu,
417 869 603 900 nominaris

173 963 291 999 Vultus
317 969 388 996 tuus
414 964 561 996 amabilis

219 1014 255 1044 ln
281 1012 402 1045 intimis
429 1013 567 1051 videtur,

169 1062 217 1094 Tu
243 1070 378 1101 sponsus
405 1070 438 1092 es
464 1060 611 1101 affabiliS,

219 1110 282 1142 Per
307 1113 338 1140 te
364 1118 481 1148 sponsu
509 1109 660 1148 ‹locetur3

171 1158 198 1191 O
222 1166 275 1188 res
301 1157 434 1188 multum
460 1156 630 1195 mirabilis,

171 1207 236 1238 Res
262 1206 394 1237 multum
423 1204 634 1240 delectabilis,

220 1253 298 1285 Cum
324 1255 414 1286 Iesus
440 1253 633 1293 possidetur.

172 1347 301 1389 Manna,
328 1350 411 1388 Iesu,
439 1348 661 1381 absconditum

217 1398 340 1430 Electis
365 1397 530 1436 reseratis,

170 1446 293 1479 Amicis
318 1446 380 1478 Dei
406 1446 573 1488 creditum,

215 1494 336 1533 Quibus
362 1503 484 1525 merces
512 1494 652 1536 donaris,

171 1543 320 1583 Quamvis
352 1543 459 1574 multis
486 1551 519 1573 es
546 1542 702 1584 abditum,

167 1591 281 1624 Multis
307 1596 412 1623 tamen
439 1599 472 1622 es
499 1591 670 1631 cognitum,

213 1639 305 1678 Quia,
333 1638 407 1671 dum
434 1640 494 1678 vis⁷
523 1639 674 1679 gustatis.

168 1733 320 1770 Delectas
346 1735 548 1774 mirabiliter,

213 1785 296 1826 Iesu,
324 1793 440 1817 manna
466 1788 638 1823 gustatum,

170 1833 327 1874 Sapisque
353 1832 574 1872 multipliciter

211 1881 334 1914 Electis
361 1881 567 1920 propinatum

168 1929 313 1970 Unisque
338 1929 399 1960 tibi
425 1929 560 1961 firmiter

165 1978 320 2019 Mentem,
340 1987 433 2018 quam
449 1976 537 2009 cibas
553 1976 703 2017 dulciter,

211 2026 276 2059 Per
301 2026 432 2059 verbum
461 2025 645 2059 delicatum.

166 2120 228 2158 Est
254 2123 348 2155 nimis
374 2121 468 2154 fortis
495 2122 611 2161 copula

212 2173 287 2206 Iesu
312 2175 451 2204 mentem
477 2170 573 2209 uniri,

162 2221 244 2254 Nam
272 2221 386 2252 intima
411 2224 488 2250 tunc
513 2217 623 2249 oscula

212 2269 308 2302 Mens
333 2268 422 2300 valet
447 2267 599 2307 experiri,

159 2319 324 2352 Aeternae,
351 2316 436 2349 vitae
461 2315 582 2356 pabula

160 2366 423 2405 Dulcissimaque
449 2363 566 2406 pocula

209 2415 298 2448 Solet
323 2415 415 2447 Iesus
439 2411 565 2454 largiri.

117 2473 262 2503 Brevem
285 2473 335 2496 Pia
352 2471 518 2495 Dictamina.
550 2467 612 2493 vn.

785 198 842 232 21.

785 582 840 614 22.

783 966 838 998 23.

777 1349 833 1382 24.

777 1736 832 1768 25.

776 2121 831 2155 26.

869 195 1036 238 Ingressus
1063 197 1177 228 mentis
1205 196 1327 231 intima,

916 247 996 287 lesu,
1025 249 1079 277 tuo
1106 245 1223 286 vigore,

867 294 915 325 Tu
942 294 1092 334 spiritum
1117 293 1158 324 ab
1184 292 1291 324 anima

916 341 1032 373 Divino
1058 349 1146 373 secas
1174 349 1268 384 more,

866 391 918 422 Ad
943 388 1026 420 bona
1052 389 1139 429 rapis
1163 388 1294 429 optima,

868 438 911 470 Ut
936 437 1018 469 bona
1044 437 1168 476 linquat
1193 436 1311 475 infima,

915 485 958 518 Ut
984 485 1030 515 sic
1057 488 1120 516 stet
1144 485 1176 515 in
1205 484 1333 515 bonore.

869 577 929 618 Tu,
956 580 1040 619 Iesu,
1068 578 1188 611 fontem
1214 579 1336 618 gratiae

914 629 962 660 De
988 632 1020 659 te
1046 627 1125 659 facis
1153 636 1293 665 manare,

867 677 928 708 Per
953 685 1046 715 quem
1072 675 1114 706 ad
1140 674 1254 706 flumen
1281 674 1403 715 gloriae

914 725 981 756 Nos
1008 723 1087 755 facis
1114 724 1274 763 navigare,

866 772 930 806 Ubi
956 775 1062 803 castae
1088 776 1161 802 sunt
1186 772 1327 810 nuptiae,

868 821 931 853 Ubi
958 829 1053 851 verae
1081 820 1226 857 deliciae,

913 870 997 907 Quas
1024 868 1103 900 sacis
1130 877 1187 900 nos
1213 876 1329 898 amare.

867 962 996 997 Virtute
1023 967 1158 995 mentem
1185 963 1282 1002 erigis

911 1013 961 1044 Ad
991 1013 1102 1043 intima
1129 1011 1296 1050 trahendo,

865 1062 900 1091 In
929 1063 1063 1091 veritate
1095 1060 1206 1099 dirigis

912 1110 1017 1149 Ipsam
1044 1108 1138 1147 plene
1166 1107 1320 1146 docendo,

862 1157 962 1187 Tuam
989 1164 1138 1195 sponsum
1162 1165 1225 1187 non
1248 1155 1401 1194 negligis,

863 1204 909 1235 Te
936 1203 1121 1243 diligentem
1150 1203 1267 1242 diligis‚

909 1253 993 1291 Iesu,
1022 1255 1135 1283 cuncta
1162 1251 1312 1290 regendo.

861 1345 1000 1382 Mentem
1029 1358 1129 1379 meam
1156 1347 1336 1387 ingredere,

908 1397 1031 1436 Sponse
1059 1399 1132 1429 Iesu
1159 1396 1336 1435 pmeelare,

859 1445 1061 1485 Frequenter
1088 1444 1170 1475 hanc
1195 1444 1369 1483 alloquere,

907 1493 974 1525 Fac
1000 1502 1068 1524 eam
1096 1496 1126 1523 te
1152 1501 1270 1531 amare,

859 1541 1001 1573 Mentem
1029 1550 1129 1572 meam
1158 1540 1363 1579 amplectere.

859 1590 908 1621 De
934 1594 989 1621 tuo
1017 1590 1101 1621 vivat
1128 1598 1268 1629 munere⁷

908 1638 953 1670 Ut
975 1642 1071 1676 queat
1094 1640 1125 1668 te
1151 1637 1297 1669 laudare.

860 1731 917 1775 Es,
945 1735 1028 1772 Iesu,
1057 1733 1258 1765 vehementia

907 1782 1028 1814 Mentis
1054 1786 1085 1813 te
1114 1782 1287 1822 diligentis,

859 1830 988 1862 Amoris
1016 1830 1168 1861 violentia

908 1879 1085 1910 Introrsum
1113 1881 1143 1908 te
1169 1877 1347 1918 trahentis3

861 1927 911 1958 Ex
939 1931 992 1958 tua
1019 1925 1186 1957 influentia

860 1975 959 2006 Fiunt
985 1975 1083 2006 corda
1111 1973 1268 2005 ferventia

909 2024 1025 2056 Coetus
1051 2027 1083 2054 te
1109 2022 1257 2054 sitientis.

858 2116 949 2152 Meae
976 2119 1092 2150 mentis
1117 2119 1246 2151 amictio

907 2169 970 2200 Per
995 2170 1036 2205 te,
1066 2168 1147 2208 lesu,
1175 2167 1340 2207 formatur,

858 2216 941 2248 Nam
968 2220 1022 2246 tua
1050 2215 1230 2247 benedictio

907 2264 1001 2296 Nunc
1025 2263 1102 2295 mihi
1129 2264 1338 2308 suffragatur,

858 2311 957 2344 Nulla
983 2316 1120 2344 mentem
1147 2311 1282 2344 afflictio

857 2361 965 2393 Vincit
992 2369 1051 2391 nec
1078 2361 1306 2401 contradictio,

908 2409 942 2442 Si
968 2408 1039 2440 Iesu
1066 2409 1237 2442 muniatur.

1204 2464 1223 2493 4
