1651 2680
699 103 957 138 —251—

336 198 441 231 Fonte
467 199 528 231 Dei
555 200 638 231 lotus
665 199 845 232 renovabar
869 205 900 233 et
925 202 1063 242 unguine
1090 201 1186 241 fotus,

337 246 534 286 Splendidus
562 248 657 287 exivi,
687 247 744 280 sed
770 252 844 288 post
869 249 980 282 sordes
1003 250 1149 290 repetivi.

250 294 306 326 20.
333 295 400 326 Vae
425 295 534 336 michi,
562 296 702 336 peccavi,
730 296 840 336 culpas
867 297 967 336 culpis
994 298 1170 330 cumulavi!

335 343 404 374 Vae
429 343 537 379 michi,
567 352 628 382 quo
654 344 796 375 vadam?
823 354 922 376 novus
947 345 978 376 in
1005 356 1054 377 me
1081 345 1203 377 decidit
1232 345 1346 386 Adam,

336 390 503 430 Ingemino
529 400 598 432 vae,
627 400 695 430 vae,
723 396 833 431 repeto
860 401 917 425 vae
945 392 1028 424 filius
1055 393 1152 427 Evae.

334 438 407 470 Non
433 439 535 471 tolero
563 443 689 477 memet,
718 448 776 470 nec
802 449 929 479 possum
958 441 1102 480 linquere
1130 445 1254 474 memet.

335 486 382 517 Tu
410 486 497 517 locus
525 486 643 526 effugii,
671 492 774 526 pater,
802 497 846 525 es,
874 489 1007 528 patiaris
1033 489 1130 528 adiri,

252 534 308 566 25.
333 534 405 565 Huc
432 535 532 574 magis
559 535 628 573 ipse
655 536 728 577 cito,
756 536 862 567 miseri
889 536 1069 569 miserendo
1096 537 1214 571 venito.

334 582 474 621 Respice
501 583 714 624 languentem,
742 584 882 623 peccavi,
911 588 1011 615 morte
1038 590 1217 625 paventem,

334 630 444 661 Exora
470 631 586 664 Iesum,
615 631 690 661 velit
718 639 766 662 me
794 632 897 663 visere
923 631 1053 664 laesum.

335 677 471 709 Saucius
498 687 536 710 ex
564 678 629 709 telo
655 679 769 718 culpae
793 680 990 711 medicamen
1018 681 1144 712 anhelo.

334 726 409 766 Fer,
438 735 563 765 precor,
591 727 780 763 antidotum,
808 728 962 763 medicus,
991 728 1148 759 medicina
1177 728 1332 759 dolorum.

249 774 306 806 30.
337 774 481 815 Porrige,
508 783 637 814 quaese,
664 784 803 814 manum,
831 776 930 807 facias
958 785 1028 807 mox
1057 785 1187 815 surgere
1215 784 1335 815 sanum,

333 822 476 863 Porrige,
505 832 566 862 quo
594 823 744 853 mundum
774 823 901 862 reddat,
928 822 1087 862 baptisma
1113 824 1297 856 secundum.

334 869 413 910 Spes
441 880 509 901 mea
537 875 608 910 post
637 870 807 910 Christum,
836 879 938 910 prece
966 872 1066 910 pellas
1093 880 1185 902 omne
1212 871 1386 907 sinistrum,

333 918 407 957 Oro,
434 918 543 950 iuvare
571 918 661 955 velis,
690 924 722 949 et
749 927 821 949 mox
848 919 907 950 tibi
932 919 1023 950 stabo
1049 919 1164 951 fidelis.

334 966 434 997 Posce
462 967 538 997 milii
564 965 685 1004 flatum,
716 967 876 1006 quondam
904 966 963 997 tibi
990 967 1125 1007 mystica
1152 966 1262 998 fatum.

250 1016 307 1045 235.
333 1014 422 1053 Quae
448 1023 528 1053 puer
554 1015 698 1045 octennis
723 1014 883 1053 perdiscis
909 1014 949 1044 ab
975 1024 1030 1045 ore
1056 1015 1201 1047 triennis,

332 1062 376 1094 Ut
403 1065 434 1092 te
461 1062 500 1093 de
527 1062 624 1094 caelis
652 1062 807 1101 Raphael.
835 1071 884 1093 me
910 1062 1002 1093 trade
1028 1063 1172 1102 medelis,

331 1109 420 1142 Dans
447 1111 551 1141 nautis
578 1114 704 1150 portum
736 1108 795 1149 fac,
823 1111 952 1142 tendam
979 1111 1066 1149 pacis
1093 1111 1134 1142 ad
1162 1115 1277 1147 ortum„

332 1157 435 1190 Orans
463 1159 594 1193 intente,
623 1158 853 1188 transcendens
880 1162 986 1189 terrea
1012 1162 1126 1192 mente,

332 1206 400 1244 Quo
426 1210 460 1237 tu
486 1206 652 1243 tendebas,
680 1209 823 1236 sanctum
851 1206 989 1237 transire
1016 1206 1158 1247 videbas,

245 1254 303 1285 40.
330 1253 406 1295 Fae,
435 1258 469 1284 ut
495 1263 531 1285 eo
558 1254 696 1290 tendam,
726 1253 800 1285 dum
827 1253 921 1284 morti
947 1254 1018 1285 iura
1045 1254 1230 1292 rependam.

330 1302 386 1341 Te,
414 1306 507 1340 pater
532 1301 676 1340 insignis,
705 1302 839 1333 daemon
867 1301 997 1341 expavit
1025 1306 1055 1332 et
1082 1302 1163 1340 ignis

328 1349 385 1388 Te,
411 1348 536 1390 fugiant
561 1358 619 1389 per
646 1353 677 1380 te
703 1349 850 1387 Satanas,
877 1350 996 1389 Venus,
1024 1350 1125 1380 hostis
1150 1354 1295 1389 uterque.

332 1398 446 1429 Pastus
473 1402 506 1429 ut.
532 1398 564 1429 in
592 1397 687 1428 terris
714 1397 858 1437 paradisi
885 1405 967 1437 pane
996 1396 1138 1431 referris,

329 1445 405 1487 Fac⁷
436 1445 499 1477 vivi
527 1445 619 1485 panis
646 1453 806 1485 nunquam
832 1455 903 1476 mea
929 1454 1018 1476 mens
1045 1446 1085 1476 sit
1112 1445 1227 1477 inanis.

242 1494 300 1527 45.
327 1494 442 1529 Orans,
469 1493 671 1534 praedicens,
701 1501 863 1533 praesens,
890 1492 1006 1525 absens
1034 1494 1239 1527 benedicens,

328 1541 419 1581 Potu⁷
447 1551 540 1581 pane,
568 1550 673 1579 manu,
701 1550 806 1579 cruce,
835 1542 1016 1582 chrismate,
1045 1550 1187 1575 munere.
1216 1546 1301 1574 tactu

327 1590 451 1622 Morbis
479 1594 656 1621 marcentes
681 1590 786 1621 subito
814 1590 870 1621 das
897 1590 943 1620 ire
972 1590 1123 1621 valentes.

325 1640 467 1679 Aegrum
495 1638 636 1678 peccatis
663 1638 816 1674 relevato,
844 1642 936 1677 pater
963 1639 1104 1676 pietatis

327 1687 382 1718 Me
407 1695 549 1729 repares,
578 1695 706 1726 queaso,
733 1683 782 1717 fer
809 1695 912 1728 opem,
940 1691 1032 1725 pater
1058 1687 1188 1726 optime,
1214 1687 1313 1720 laese.

238 1734 296 1767 50.
323 1734 462 1775 Respice
487 1738 696 1775 prostratum,
725 1734 890 1773 culparum
918 1734 999 1765 mole
1025 1739 1202 1774 gravatum,

326 1782 424 1816 Stabo
451 1787 592 1821 sanatus,
619 1783 645 1813 si
673 1783 720 1814 vis
746 1782 859 1813 audire
885 1787 1024 1822 rogatus.

325 1831 415 1871 Quod
444 1832 501 1870 vis,
531 1831 582 1863 fac
610 1831 702 1873 velle,
730 1831 842 1871 procul
869 1841 887 1862 a
913 1839 962 1860 me
990 1835 1096 1862 cetera
1124 1831 1219 1870 pelle,

328 1880 429 1917 Velle.
458 1880 542 1920 quod
570 1878 678 1920 odisti,
707 1879 749 1911 da
775 1880 879 1910 vivam
908 1879 1037 1910 victima
1063 1878 1193 1912 Christi.

328 1929 443 1962 Vivam
471 1938 533 1961 non
560 1927 689 1965 mundo,
717 1926 773 1959 scd
802 1928 897 1959 caelis
924 1927 992 1958 sine
1019 1927 1170 1960 secundo.

240 1979 298 2010 55.
327 1978 354 2009 Ο
382 1977 432 2009 cui
459 1981 490 2008 te
517 1975 622 2008 credis
649 1979 792 2007 secretae
818 1976 922 2016 gratia
948 1975 1045 2015 sedis,

327 2026 374 2057 Te
400 2026 491 2064 bene7
518 2030 551 2057 te
577 2024 675 2065 novit,
702 2024 856 2055 secretins
882 2023 994 2056 abdita
1018 2023 1110 2055 fovit.

327 2074 414 2113 Quae
441 2074 523 2106 solvi
550 2081 646 2106 carne
673 2076 704 2104 te
731 2071 856 2104 viderat
882 2072 994 2104 inclita
1020 2072 1136 2104 Farne.

329 2123 446 2155 Sancte
471 2122 532 2154 Dei
561 2121 649 2156 civis,
678 2120 791 2152 melius
817 2124 890 2160 post
917 2119 1030 2152 funera
1056 2120 1146 2156 vivis,

327 2170 463 2203 Sanctus
492 2179 561 2202 cum
589 2170 707 2201 sanctis
734 2167 859 2201 felicior
883 2177 939 2201 ore
965 2168 1116 2205 tonantis,

243 2219 298 2251 60.
328 2219 464 2252 Sanctus
490 2223 671 2251 sanctorum
700 2221 753 2249 tua
780 2226 866 2259 pars,
893 2222 948 2248 tua
974 2217 1080 2257 palma
1107 2215 1266 2249 laborum.

327 2267 462 2307 Suscipe
489 2271 563 2299 vota
590 2274 733 2307 precum,
760 2268 846 2305 peto,
874 2264 926 2297 fac
951 2273 1000 2296 me
1028 2265 1136 2297 vivere
1171 2270 1286 2297 tecum.

325 2315 397 2359 Dic,
423 2325 511 2356 rogo,
542 2315 594 2347 dic
620 2323 722 2356 amen,
750 2313 802 2344 dic
828 2313 1077 2346 consummendo
1108 2321 1292 2352 precamen.

228 2383 358 2419 Legend.
387 2391 439 2410 ms.
462 2382 661 2410 Dunelmense
688 2389 764 2408 saec.
791 2378 833 2407 12.
856 2390 900 2408 ex.
942 2380 1013 2407 Cod,
1035 2380 1181 2407 Oxonien.
1206 2379 1290 2407 Laud
1313 2380 1396 2407 Mis‹·.
1421 2377 1483 2406 491.

150 2439 190 2444 —
212 2421 366 2450 Absclirist
385 2430 444 2448 von
465 2421 538 2449 Rev.
559 2418 596 2448 H.
618 2420 658 2447 M.
680 2420 844 2448 Bannister.
