1651 2680
907 206 953 238 Te
978 211 1054 238 tunc
1081 206 1168 238 Deus
1193 205 1373 243 honoravit,

910 255 1005 287 Hune
1031 264 1105 287 nam
1131 254 1234 285 locum
1261 254 1419 295 irrigavit,

911 303 1033 335 Terrae
1060 302 1164 334 fontes
1190 302 1394 343 ministravit,

910 351 973 382 Per
1003 352 1130 382 eosdem
1157 354 1189 380 et
1215 351 1340 381 sanavit

958 400 1106 431 Morbum
1133 397 1353 431 multifarium.

179 208 215 240 3.
242 206 306 240 Sed
331 209 367 238 ut
390 205 522 238 Samson
548 212 620 235 cum
646 204 738 237 leone

248 255 297 287 Tu
320 253 484 295 pugnabas
509 252 541 283 in
567 261 679 295 agone,

245 303 342 335 Humi
367 302 482 334 iactum
510 309 580 332 cum
607 310 757 333 mucrone

245 349 308 393 [Te
332 345 512 393 necarunt],
539 349 585 380 sic
612 358 748 381 coronae

293 398 338 431 Es
363 398 532 430 adiunctus
559 402 746 437 martyrum.

537 466 569 496 4.
598 465 644 496 Te
669 474 739 496 cum
767 469 842 498 nata
868 467 998 498 tandem
1024 467 1109 498 dicta

599 514 730 552 Quaerit
758 512 836 545 felix
863 515 941 547 haec
970 516 1091 557 relicta,

599 561 704 593 Sentit
731 562 815 593 dona
842 562 1011 594 benedicta

650 610 794 641 Luminis
820 619 880 650 per
903 612 1051 642 reditum.

598 658 623 689 O
649 657 742 689 beate
768 659 959 696 Landeline‚

600 706 691 745 Roga
718 706 821 737 Deum
847 708 915 738 sine
942 708 1013 746 tine,

598 754 819 786 Perducamur
844 755 876 786 in
903 756 1039 787 sublime

649 802 792 842 Regnum
820 803 887 834 eius
914 804 1078 837 caelicum.

246 868 366 896 Colleet.
399 878 451 895 ms.
483 868 698 903 Argentinense
729 877 805 896 saec.
841 868 882 895 15.
935 870 1003 897 Cod.
1036 870 1240 898 Vindobonen.
1272 869 1375 905 Suppl.
1408 867 1490 896 4029.

168 917 246 936 saec.
270 907 313 935 15.
333 923 368 927 —
396 906 420 939 1,
441 904 459 933 8
485 907 555 933 Adis
578 908 646 934 leto.

590 1011 651 1041 251.
696 1012 735 1041 lie
758 1013 866 1042 sancto
888 1011 1069 1043 Laurentio.

181 1092 213 1124 1.
242 1089 444 1129 Laurentius,
472 1091 503 1122 in
530 1092 644 1122 ordine
887 1094 917 1124 6.
946 1089 1016 1124 Non
1045 1093 1160 1124 desinit
1188 1092 1219 1123 in
1248 1101 1376 1124 carcere

238 1139 411 1179 Diaconus,
439 1142 480 1177 te,
509 1139 655 1177 Domine,

243 1187 408 1220 clarificat
433 1187 464 1218 in
491 1187 648 1228 gentibus,

243 1235 436 1268 Constanter
460 1244 566 1267 coram
594 1235 722 1275 regibus

288 1283 424 1315 Fatetur
450 1293 527 1315 voce
554 1284 636 1315 viva.

209 1378 215 1385 .
241 1348 378 1384 Amator
405 1351 456 1383 hic
482 1351 634 1393 iustitiae,

242 1399 450 1439 Contemptor
478 1399 633 1430 avaritiae

243 1448 390 1481 Caeleste
416 1447 547 1479 verbum
573 1448 718 1489 seminat,

241 1495 291 1528 De
315 1496 466 1528 cordibus
492 1496 682 1527 exterminat

287 1545 448 1576 Fidelium
475 1544 597 1576 nociva.

208 1638 214 1644 .
241 1608 322 1644 Uult
346 1613 426 1644 mori
453 1621 523 1642 cum
550 1612 694 1643 antistite

242 1659 310 1691 Nec
335 1660 436 1700 ipsum
464 1669 498 1690 se
525 1661 708 1699 superstite,

243 1708 320 1739 Vult
345 1709 430 1740 vitae
456 1708 594 1746 palmam
622 1717 747 1747 capere,

241 1756 302 1795 Qui
327 1756 421 1788 iussit
446 1756 550 1796 ipsum
575 1756 705 1788 tradere

287 1805 458 1836 Pecuniam
485 1804 603 1844 egenis.

203 1897 210 1904 .
238 1869 384 1912 Recepto
411 1880 469 1912 per
495 1871 680 1912 episcopum

238 1921 394 1952 Mandato
421 1919 531 1952 turbas
558 1921 688 1961 inopum

239 1969 386 2010 Collegit,
414 1968 529 2010 quibus
556 1969 692 2000 tradidit

236 2018 429 2055 Thesauros,
457 2027 535 2058 quos
563 2017 745 2049 recondidit

285 2066 333 2098 De
358 2065 497 2107 publicis
524 2066 693 2098 crumenis

202 2159 210 2167 .
238 2131 381 2175 Expleto
406 2135 494 2166 iussu
521 2134 658 2174 capitur,

236 2183 427 2215 Terroribus
453 2181 604 2224 afficitur,

236 2230 385 2271 Squalori
412 2232 507 2264 datur
533 2230 672 2263 carceris

236 2280 380 2312 Vexatur
405 2284 437 2312 et
460 2279 638 2311 innumeris

287 2329 452 2361 Pressuris
479 2332 509 2359 et
536 2327 715 2361 tormentis

241 2395 323 2423 Orat.
344 2403 397 2422 ms.
419 2395 582 2428 campense
605 2394 677 2421 anni
701 2391 782 2421 1462.

160 2437 259 2462 natus.

861 2134 915 2167 10.

946 1141 1064 1173 Salutis
1094 1140 1223 1171 verbum
1251 1149 1368 1175 serere,

946 1189 1105 1220 Lucratur
1130 1188 1258 1227 quidem
1285 1189 1440 1228 plurimas

946 1237 999 1268 Ad
1026 1236 1147 1269 Christi
1174 1235 1268 1267 tidem
1295 1237 1417 1268 animas

997 1284 1177 1316 Praeclaris
1204 1284 1413 1317 documentis.

948 1348 1139 1391 Triumphat
1168 1352 1217 1382 hic
1242 1352 1434 1394 incendium,

947 1400 1058 1431 Eculei
1085 1400 1302 1439 suspendium,

947 1448 1110 1479 Lictorum
1136 1456 1230 1478 saeva
1258 1448 1392 1479 verbera

946 1496 989 1527 Et
1016 1501 1201 1527 catenarum
1227 1496 1371 1535 pondera

996 1544 1030 1575 ln
1057 1544 1126 1575 Deo
1153 1552 1240 1574 mens
1266 1544 1407 1578 robusta.

910 1637 916 1643 .
945 1609 985 1645 In
1014 1610 1119 1643 ferrea
1147 1612 1301 1642 craticula

945 1662 1093 1691 Accensa
1120 1659 1232 1690 subtus
1258 1660 1421 1691 flammula

946 1709 998 1740 Ad
1027 1709 1128 1740 instar
1155 1708 1253 1747 piscis
1280 1709 1429 1747 volvitur,

946 1758 1085 1788 Assatur
1111 1765 1169 1788 nec
1196 1756 1333 1787 deicitur

993 1805 1167 1836 Infirmitas
1196 1804 1353 1838 ambusta.

945 1869 1018 1905 Uim
1046 1881 1150 1903 acrem
1180 1872 1256 1902 vicit
1282 1872 1441 1903 caumatis

947 1921 1076 1952 Ardore
1102 1919 1205 1951 sancti
1232 1920 1424 1962 pneumatis,

948 1969 1100 2000 Ferventi
1127 1967 1287 1999 desiderio

949 2017 1122 2057 Flagrabat
1150 2016 1182 2047 in
1209 2016 1364 2056 martyrio

992 2066 1044 2097 Ad
1076 2064 1213 2105 patriam
1240 2073 1420 2104 supernam.

944 2130 1092 2167 Salutem
1119 2131 1209 2164 nobis
1236 2133 1360 2164 animae

948 2182 1098 2218 Procura,
1126 2184 1249 2220 martyr
1275 2181 1404 2222 optime,

944 2230 1010 2261 Nos
1037 2229 1202 2261 absolutos
1230 2228 1325 2267 vitiis,

948 2278 1087 2318 Ereptos
1114 2277 1153 2309 de
1179 2277 1324 2318 supliciis

993 2326 1047 2358 Ad
1075 2327 1173 2358 vitam
1202 2325 1264 2357 duc
1289 2330 1462 2359 aeteruum.

817 2393 887 2422 cod.
911 2393 1128 2421 Darmstadien.
1150 2390 1214 2419 521.
1236 2407 1272 2411 —
1297 2391 1320 2423 1,
1345 2391 1363 2420 2
1386 2393 1492 2420 Diaco-
