1653 2680
665 63 926 101 —388—

216 167 382 206 Hospitem
411 165 503 196 decet
529 164 672 204 hospites
900 159 1039 198 Quorum
1065 158 1178 190 crebro
1203 154 1325 188 familia

262 212 446 246 Curialibus
947 205 1068 238 Nolens
1094 206 1260 244 ieiunam,

308 260 422 293 Verbis
448 262 658 299 pertractare,
900 254 934 286 Si
960 254 1060 286 clavis
1086 262 1139 286 eos
1165 252 1293 292 saepius

215 309 360 348 Quolibet
386 310 458 339 actu
485 307 636 347 permites
948 301 1036 334 Seris
1061 301 1244 333 adulterina

261 356 401 389 Eosdem
426 354 580 386 familiam
995 359 1057 382 non
1083 349 1216 383 cibaret.

309 403 469 436 Condecet
495 404 672 439 lionorare3

840 452 872 484 4.
899 449 1001 482 Medii
1027 449 1172 482 Christus
1198 448 1336 480 loculum

950 497 1083 537 Semper
1108 496 1272 537 diligebat,

901 546 965 577 Per
989 545 1070 576 illud
1096 553 1153 576 nos
1179 542 1374 584 signaculum

947 594 1064 626 Omnes
1089 591 1279 630 instruebat,

902 642 1061 672 Virtutum
1088 644 1198 672 vectus
1225 638 1353 670 circulis

948 690 984 720 In
1011 689 1115 720 medio
1139 688 1223 727 quod
1249 690 1348 718 staret

214 471 294 502 Nam
322 471 415 510 probi
443 472 559 509 augent
585 467 696 500 famuli

263 517 368 550 Decus
393 517 535 557 hospitii,

216 566 278 598 Sed
305 565 387 596 servi
413 573 545 604 nequam
573 564 750 604 denigrant,

265 613 354 646 Pleni
382 614 445 644 sint
470 613 584 652 iugiter
610 611 642 642 hi

309 660 469 700 supplicii.

152 735 183 766 3.
212 732 364 764 Nonnulli
389 736 461 763 sunt
488 733 519 763 in
547 732 684 771 propriis
994 737 1153 768 vitiorum,

259 782 320 813 Per
346 784 376 810 te
403 780 641 818 manducantes,

212 828 383 860 Extraneis
410 827 557 866 hospitiis
901 822 1038 862 Hospes,
1064 823 1097 853 in
1121 826 1152 853 te
1179 820 1332 852 discretio

259 877 359 907 Laute
386 876 600 909 convivantes,
946 870 1047 902 Decet
1071 869 1222 910 motitari‚

212 923 344 954 Illorum
370 923 486 962 hospes
512 922 581 953 fieri
900 917 950 950 Ne
977 919 1063 950 dicta
1089 918 1190 949 virtus
1221 917 1298 948 vitio

259 970 330 1002 Non
360 971 537 1001 delectatur
563 969 725 1001 Henricus
951 962 1086 1010 [Possit]
1111 965 1296 1005 depravari,

307 1018 458 1050 DIoralis.
901 1012 1053 1046 Servetur
1080 1013 1179 1044 dandi
1206 1011 1352 1044 modulus
1375 1013 1379 1048 ζ

949 1061 1108 1102 Eligeudo
1135 1061 1277 1092 medium

216 1084 339 1115 Talium
366 1085 432 1114 vita
457 1084 637 1124 sepulcrum
998 1114 1212 1141 extremorum

259 1133 345 1164 Iuste
370 1131 541 1170 iudicetur,

213 1179 302 1217 Quod
322 1179 400 1210 foris
419 1184 464 1210 est
480 1180 572 1210 nimis
588 1179 769 1219 pulchrum,

259 1227 322 1258 Sed
349 1228 435 1258 intus
462 1227 589 1258 videtur

214 1274 384 1305 Vermibus
411 1274 506 1305 variis
533 1274 661 1313 repleri,

262 1321 399 1353 Foetore
426 1321 634 1353 multimodis-

902 1196 1107 1237 Largitorum
1134 1200 1206 1225 tene
1232 1197 1396 1229 stateram,

948 1242 1164 1282 Prodigalitas

998 1293 1027 1322 A
1055 1296 1086 1321 te
1112 1290 1329 1330 propulsetur,

902 1339 1004 1372 Avari
1028 1346 1087 1369 nec
1112 1346 1185 1369 ama
1210 1345 1333 1377 peram,

312 1377 371 1408 que
397 1369 498 1400 mahs·
952 1386 1013 1426 Qui
1034 1395 1193 1425 nunquam
1211 1387 1247 1416 ut
1263 1384 1462 1423 hydropicus

216 1435 398 1475 Sophistiee
425 1435 601 1466 forinsecus
998 1434 1057 1464 Vel
1084 1432 1270 1464 barathrum
1298 1433 1451 1472 repletur.

264 1483 426 1516 Pavonina
451 1487 522 1513 sunt
905 1482 957 1515 Sic
983 1486 1109 1513 nostras
1135 1489 1186 1512 res
1213 1480 1392 1520 hospitibus

313 1530 421 1562 Cauda
449 1530 602 1569 decorati,
953 1530 1027 1562 Rite
1053 1529 1237 1568 largiamur,

216 1580 324 1618 Atque
352 1577 461 1609 domus
487 1578 677 1609 intrinsecus
907 1578 983 1610 Post
1009 1580 1142 1608 mortem
1168 1585 1225 1607 uos
1252 1574 1444 1607 caelestibus

264 1625 459 1657 Ardeulibus
485 1625 553 1657 anis
955 1625 999 1658 Ut
1026 1625 1127 1664 epulis
1153 1632 1222 1655 cuin
1249 1622 1379 1655 Christo

316 1673 445 1713 Sopitur
471 1673 648 1712 depravati.
1002 1672 1216 1712 perfruamur.

219 1744 341 1771 Colleet.
365 1752 423 1781 ms3
441 1745 618 1770 §tii-incense
639 1753 714 1772 saec.
740 1743 783 1772 15.
825 1745 894 1773 Cod.
910 1744 1065 1772 stiriacen.
1087 1744 1111 1770 L
1133 1741 1170 1770 26
1192 1740 1224 1778 [S.
1247 1740 1297 1778 n.].
1319 1757 1356 1762 —-
1380 1743 1403 1774 1,
1425 1741 1465 1770 24

141 1783 240 1809 Ple-na-
270 1796 303 1801 -
331 1781 363 1813 2,
394 1781 429 1808 18
457 1783 594 1816 permitti.
615 1797 653 1801 -—
674 1781 707 1811 3.
739 1782 774 1810 16
796 1793 838 1820 sq.
869 1783 962 1810 cauda
986 1786 1061 1809 sunt.
1086 1796 1124 1801 —
1144 1780 1178 1813 4,
1204 1779 1242 1809 24
1263 1783 1303 1810 Ut
1323 1781 1404 1808 fehlt.
1426 1797 1463 1801 —

141 1820 296 1848 Iulialtlich
326 1820 535 1855 Lehrgedicht‚
567 1821 618 1848 der
645 1822 730 1848 Form
762 1823 837 1849 nach
868 1822 924 1849 den
946 1821 1105 1848 Cantiones
1134 1819 1193 1847 und
1220 1821 1276 1847 deu
1304 1819 1465 1847 deutschen

142 1860 372 1894 Meistersiingen
386 1859 544 1885 verwandt.
585 1860 650 1886 Den
664 1860 816 1888 Verfasser
830 1864 922 1888 neunt
936 1859 961 1892 3,
982 1858 1000 1886 6
1015 1868 1058 1894 sq.
1080 1859 1181 1885 Henr
1191 1859 1271 1886 icus
1293 1858 1469 1886 Moralis.

495 1957 561 1988 335.
604 1958 645 1989 De
667 1957 722 1989 VII
745 1958 874 1989 Artibus
896 1956 1106 1988 Liberalibus.

153 2025 182 2055 1.
209 2022 345 2054 Praevia
371 2024 586 2061 grammatica
846 2025 880 2056 2.
906 2024 997 2055 Artis
1020 2023 1100 2055 haec
1123 2023 1285 2054 textoriae

255 2069 345 2101 sedet
372 2070 403 2101 in
436 2076 559 2109 senatu,
954 2071 1036 2110 gerit
1062 2072 1285 2111 iustrumenta,

210 2117 285 2156 Ipsa
312 2118 418 2149 nutrix
452 2120 578 2160 artium,
907 2118 1030 2150 Texere
1056 2117 1220 2150 sororibus

253 2165 389 2204 quodam
421 2167 607 2206 principatu
954 2167 1035 2198 solet
1060 2166 1261 2202 indumenta,

207 2213 414 2245 Praeminens
445 2214 608 2246 sororibus
908 2213 989 2245 Nam
1016 2213 1170 2245 librorum
1199 2215 1309 2254 series,

255 2265 349 2300 atque
374 2262 479 2293 maior
506 2266 596 2302 natu,
956 2270 1034 2302 quos
1060 2262 1140 2293 haec
1166 2266 1215 2292 est
1241 2267 1429 2304 commenta,

206 2307 290 2340 Fido
317 2312 425 2341 tamen
453 2309 632 2348 obsequens
906 2309 1040 2341 Artibus
1068 2310 1122 2341 dat
1149 2311 1288 2342 vestium

263 2357 329 2388 illis
356 2356 527 2389 famulatu.
955 2357 1045 2397 quasi
1072 2357 1262 2390 velamenta.
