1651 2680
267 276 324 307 45.

269 584 325 614 50.

269 1244 323 1278 10.

270 1912 326 1945 10.

269 2155 325 2189 15.

265 2398 324 2431 20.

662 85 923 119 —151—

351 178 495 218 Virginis
520 178 596 210 hinc
622 181 759 213 recitent
783 182 885 223 pueri,
913 182 1042 213 iuvenes
1066 182 1098 212 in
1125 182 1246 214 honore

397 226 505 266 Atque
530 235 640 258 senum
668 232 777 260 coetus
803 229 957 261 nobilium
983 230 1105 261 niveus.

352 273 495 306 Sumitur
519 275 551 306 in
579 275 700 308 caelum
727 277 872 317 genetrix
898 277 1116 317 pulcherrima
1143 278 1272 310 Christi.

397 321 525 354 Gaudet
551 327 581 353 et
609 325 773 365 angelicus
799 325 878 356 civis
904 328 936 356 et
961 325 1157 364 obsequitur.

350 369 447 401 Lucis
472 370 512 401 ad
540 370 710 402 aethereae
736 373 909 404 thalamum
936 373 1062 404 vehitur
1090 372 1171 404 bona
1200 374 1299 412 virgo.

398 418 434 449 In
460 427 522 457 quo
549 427 606 450 rex
634 420 713 450 miro
740 420 883 452 considet
911 421 942 451 in
970 421 1060 451 solio.

665 474 682 493 ³5<
904 475 922 494 *

785 501 802 517 >k

352 533 513 565 Plurimus
539 534 679 565 occurrit
705 542 886 566 sanctorum
914 535 991 566 sede
1013 540 1142 567 senatus

354 581 402 612 De
426 581 540 617 caelis;
568 587 610 616 te,
639 583 776 619 Christe,
802 584 897 621 canit,
925 583 1103 622 laudemus,
1129 584 1239 618 amit-e,

351 630 599 669 virgineumque
627 629 724 661 decus
751 631 941 670 praesertim
969 640 1045 661 voce
1071 630 1259 670 triumphat,

350 677 465 710 Cordis
492 677 532 708 ob
559 677 618 708 hoc
645 678 845 717 modulisque
872 678 1090 717 frequentibus
1116 687 1235 718 organa
1264 679 1352 711 dicit.

771 755 813 786 11.

352 811 459 851 Virgo,
487 811 548 843 Dei
573 816 684 851 mater,
714 812 818 843 David
846 813 1024 843 clarissima
1053 812 1170 852 proles,

398 859 512 891 Funde
538 868 650 899 preces
676 866 751 892 nato
776 869 834 899 pro
862 859 989 891 famulis
1016 861 1159 900 proprio.

352 908 497 940 Praemia
524 911 699 947 perpetuae
727 917 788 947 quo
814 909 875 939 iam
904 909 1030 947 potiora
1058 918 1193 939 coronae

399 957 559 988 Possiinus
587 955 681 995 digne
707 960 738 986 te
766 957 845 986 duee
874 957 1052 995 percipere.

319 1031 324 1036 .
349 1005 397 1036 Tu
423 1008 553 1035 cunctas
578 1003 726 1035 haereses
753 1005 885 1043 perimis
913 1005 1029 1035 virtute
1057 1002 1223 1047 [tonantis]

398 1052 598 1091 Pulchraque
626 1048 709 1095 d[as]
736 1053 866 1083 asseclis
893 1053 1010 1091 gaudia
1037 1051 1213 1091 perfacilis.

351 1100 515 1140 Angelieis
543 1100 677 1131 credens
705 1100 799 1131 dictis
826 1101 931 1139 magni
959 1100 1119 1131 Gabrielis

397 1149 472 1180 Post
499 1154 623 1187 partum
653 1148 742 1188 pueri
769 1149 859 1188 virgo
886 1148 968 1179 uites
993 1148 1139 1182 celebris,

348 1196 525 1228 Fortunata
551 1200 605 1227 tuo
630 1196 778 1235 placuisti
805 1195 923 1227 femina
949 1196 1077 1229 Christo

398 1245 566 1284 Exemplo,
592 1244 693 1276 titulis
721 1245 847 1284 dignior
873 1244 921 1275 his
947 1245 1070 1277 nitidis.

347 1292 520 1332 Imperium
547 1293 636 1333 regni
664 1294 781 1324 retines
811 1297 883 1332 post
909 1293 1081 1331 splendida
1109 1298 1229 1334 natum,

396 1340 444 1372 De
471 1344 502 1372 te
528 1341 687 1373 caelorum
717 1350 788 1372 nam
815 1350 948 1380 generas
976 1341 1157 1373 Dominum.

760 1419 818 1451 111.

351 1477 436 1509 Laus
463 1476 646 1507 veneranda
673 1477 773 1516 bonis,
804 1478 875 1508 lesu
902 1476 1072 1507 clementia
1097 1477 1229 1509 Christi.

398 1525 495 1564 Virgo
521 1524 627 1556 Maria
654 1525 725 1561 Dei,
753 1525 822 1556 laus
849 1525 1032 1555 veneranda
1059 1525 1157 1556 bonis.

349 1573 459 1606 Omnis
485 1572 601 1611 ubique
628 1574 702 1604 colit
732 1574 834 1605 Iesum
862 1582 958 1612 super
984 1577 1070 1604 astra
1096 1572 1276 1613 benignum,

398 1621 451 1654 Sic
477 1625 610 1652 matrem
639 1620 767 1652 Domini
793 1621 895 1652 omnis
921 1621 1039 1660 ubique
1065 1621 1151 1654 colit.

349 1669 488 1701 Tollitur
511 1669 551 1700 ad
579 1677 711 1707 superos
737 1670 859 1700 meritis
885 1669 1051 1700 iuvacibus
1077 1669 1200 1708 Enoch,

398 1718 472 1749 Post
496 1721 622 1757 partum
651 1718 740 1758 virgo
763 1717 886 1748 tollitur
911 1717 952 1748 ad
980 1726 1124 1756 superos,

350 1766 531 1798 Caelicolae
557 1765 693 1797 iubilant
721 1765 848 1797 Christo
875 1766 1049 1796 scandente
1070 1774 1219 1806 superna.

399 1815 536 1853 Propter
562 1813 629 1845 heri
658 1814 792 1846 Mariam
822 1813 993 1844 caelicolae
1019 1813 1165 1847 iubilant.

350 1862 512 1902 Obsequio
539 1861 657 1893 celebri
686 1862 734 1893 vir
760 1861 863 1893 fertur
889 1862 930 1893 ad
958 1862 1022 1892 alta
1048 1860 1165 1900 fidelis,

400 1911 535 1942 Femina,
561 1919 683 1942 summa
708 1911 790 1950 petit
813 1910 964 1950 obsequio
991 1910 1120 1944 celebri,

350 1959 452 1993 Obvia
478 1959 573 1990 turba
599 1957 657 1990 fuit
685 1967 855 1999 puerorum
883 1958 1021 1998 plurima
1048 1957 1185 1993 Christo,

395 2010 445 2040 Ac
471 2008 539 2039 eius
565 2007 661 2038 matri
687 2007 782 2039 obvia
805 2006 899 2038 turba
926 2005 997 2038 fuit.

348 2056 526 2089 Subvenias
552 2055 682 2096 populo.
710 2055 858 2095 petimus,
888 2054 933 2086 fili
959 2055 1069 2085 inclite
1097 2054 1165 2095 Dei,

398 2105 545 2143 Oramus,
573 2104 674 2143 virgo,
702 2103 873 2135 subvenias
899 2103 1029 2142 populo.

352 2154 542 2193 Virgineum
569 2151 730 2191 specimen
758 2152 874 2183 laetum
903 2151 1073 2182 citharizat
1100 2151 1249 2183 honorem

397 2202 441 2234 Et
468 2200 616 2233 dominae
643 2208 771 2232 carmen
798 2200 974 2240 virgineum
1002 2199 1174 2238 specimen.

350 2250 489 2282 Munera
514 2251 690 2289 perpetuae
717 2247 808 2280 nobis
836 2248 887 2285 da,
917 2247 1055 2279 Christe.
1081 2248 1204 2290 salutis,

397 2298 596 2339 Sponsaque,
625 2296 667 2328 da
692 2297 818 2338 patriae
845 2304 975 2327 munera
1002 2300 1187 2335 perpetuae.

348 2348 471 2381 Cuncta
497 2354 619 2377 venena
647 2344 734 2386 fugat
761 2345 869 2385 superi
897 2344 1079 2375 benedictio
1105 2345 1234 2383 Christi,

400 2396 454 2429 Sic
480 2394 595 2426 mulier
620 2398 731 2425 sancta
758 2398 873 2425 cuncta
898 2402 1019 2424 venena
1047 2391 1147 2432 fugat.
