1651 2680
745 81 982 119 -48-

216 179 248 212 3.
275 175 432 212 Hilariter
457 187 507 209 me
532 177 648 217 reficis,

322 226 417 257 Vitae
444 226 532 257 cibus
558 229 716 266 aeternae,

277 273 401 314 Sponse
428 274 508 315 Iesu,
535 282 593 304 nec
619 273 740 311 deficis,

322 321 408 352 Fons
434 320 558 360 patriae
583 329 751 362 supernae,

271 369 478 408 Mentemque
502 376 602 399 meam
630 368 743 407 afficis,

272 417 371 456 Quam
399 417 430 447 in
459 417 574 448 virtute
600 415 727 455 perficis

323 464 474 495 Caritatis
501 465 654 496 internae.

240 584 245 590 .
273 556 426 592 Eternum
454 568 555 590 meum
583 559 732 597 gaudium

320 607 437 644 Quovis
463 607 544 638 bono
571 607 742 646 suffultum,

273 654 406 694 Sponse,
435 655 516 695 Iesu,
546 658 577 685 et
605 654 778 693 praemium

321 701 471 741 Magnum
506 702 599 733 nimis
625 707 654 732 et
682 702 826 741 multum,

272 750 433 781 Summum
461 759 561 781 meum
590 750 741 781 solacium

271 798 496 836 Summumque
524 797 729 835 desiderium,

318 845 364 876 Te
391 845 579 884 concupisco
606 846 749 876 inultum.

234 966 242 973 .
270 937 401 973 Summa
427 950 495 970 mea
521 941 671 980 suavitas,

318 987 400 1020 lesu.
427 996 543 1026 sponse
567 987 713 1028 benigne,

270 1035 319 1066 Tu
346 1036 473 1069 veritas,
502 1040 535 1065 tu
562 1036 688 1073 caritas,

317 1083 436 1114 Mentis
463 1083 559 1114 decus
586 1084 718 1123 insigne,

269 1131 363 1167 Vera,
392 1139 465 1161 cara
492 1131 675 1169 aeternitas,

272 1179 307 1209 in
336 1187 396 1216 qua
422 1182 485 1209 stat
513 1178 613 1208 omnis
640 1178 774 1220 bonitas,

315 1225 361 1256 Te
388 1230 501 1257 cuncta
527 1225 658 1256 laudent
686 1227 790 1266 digne.

231 1347 238 1354 .
264 1318 362 1359 Vere,
390 1321 471 1359 lesu,
499 1330 547 1351 me
575 1321 722 1352 vulneras

316 1368 394 1401 Cum
421 1370 485 1399 telo
512 1369 667 1409 caritatis,

269 1417 315 1447 Te
341 1417 467 1454 quando
494 1416 570 1447 milii
596 1426 720 1448 reseras

315 1465 352 1495 In
381 1464 486 1494 verbis
512 1464 687 1504 inspiratis,

266 1512 315 1543 Tu
341 1519 390 1541 me
417 1520 512 1551 saepe
540 1512 704 1553 docueras,

266 1559 410 1590 Mentem
435 1568 536 1590 meam
562 1559 732 1601 refeceras,

315 1606 360 1638 Te
387 1616 545 1646 nunquam
572 1607 640 1638 colo
666 1608 776 1647 gratis.

233 1727 242 1736 .
269 1699 346 1736 cum
374 1702 413 1733 de
439 1707 573 1741 paterno
598 1704 718 1742 gremio

313 1749 380 1789 Me,
408 1759 534 1790 sponse,
560 1751 709 1789 visitasti,

265 1797 406 1829 Ardenti
432 1798 592 1829 desiderio

313 1844 378 1885 Me,
406 1846 490 1883 Iesu,
517 1844 739 1889 inflammasti3

265 1893 362 1925 Suavi
388 1896 421 1924 tu
444 1893 567 1933 eloquio

263 1941 314 1972 De
339 1942 522 1980 appetendo
547 1942 664 1981 gaudio

313 1988 411 2021 Pleno
436 1998 485 2020 me
511 1987 700 2022 informasti.

230 2109 238 2117 .
263 2081 337 2117 Rex
363 2093 396 2114 es
422 2089 453 2115 et
479 2085 539 2116 Dei
565 2084 659 2124 filius,

334 2132 418 2171 Iesu,
442 2141 559 2172 sponse
583 2132 688 2174 beate,

263 2179 318 2211 Me
343 2188 438 2210 urens
463 2181 592 2220 stringis
618 2182 724 2213 acrius

311 2227 380 2260 Tua
406 2229 574 2268 suavitate,

260 2275 403 2307 Mentem
430 2285 531 2307 meam
557 2276 698 2309 intimius

261 2324 312 2356 Tu
335 2328 485 2363 penetras
511 2327 543 2356 et
567 2325 674 2366 altius,

311 2372 399 2412 Quae
425 2373 587 2404 osculatur
611 2382 631 2404 a
656 2377 698 2406 te.

924 181 956 213 9.

901 560 955 593 10.

899 941 954 973 11.

897 1323 952 1356 12.

896 1705 950 1739 13.

893 2089 947 2121 14.

983 177 1128 213 Iucunde
1153 191 1203 213 me
1228 180 1368 213 inebrias

1029 228 1148 261 Divina
1172 230 1346 271 voluptate,

984 275 1039 307 Me
1063 277 1166 316 ipsum
1189 277 1248 309 tibi
1273 277 1376 308 socias

1029 323 1181 356 Ferventi
1208 325 1354 364 caritate,

985 371 1027 404 Ut
1051 381 1201 413 sponsam
1226 371 1286 404 tibi
1312 370 1423 409 facias,

983 419 1048 459 Me,
1076 419 1159 458 Iesu,
1186 429 1282 460 saepe
1307 419 1406 450 satias

1031 467 1100 498 Tua
1127 467 1306 499 divinitate.

985 557 1108 601 Sponse
1134 562 1216 602 Iesu,
1245 560 1378 592 delicias

1029 609 1113 640 Mihi
1138 617 1234 648 saepe
1261 609 1397 648 donasti,

983 657 1034 688 Ad
1061 660 1132 688 tuas
1158 665 1266 688 sacras
1293 657 1420 695 nuptias

1034 704 1075 736 Ut
1103 712 1252 742 sponsam
1280 712 1328 735 me
1355 704 1490 744 vocasti,

980 751 1128 782 Attulisti
1157 751 1296 792 divitias,

981 799 1126 830 Virtutes
1153 803 1183 829 et
1209 799 1371 837 scientias,

1031 846 1151 885 Quibus
1178 856 1227 877 ine
1250 846 1460 881 subarrhasti.

983 938 1164 973 Thesauros
1191 942 1368 981 sapientiae

1029 989 1079 1020 Ex
1105 993 1147 1028 te,
1176 990 1256 1030 lesu,
1285 988 1430 1022 refundis

981 1038 1030 1069 Ac
1056 1037 1185 1068 flumina
1210 1037 1363 1069 scientiae

1030 1085 1095 1116 Das
1121 1085 1286 1116 animabus
1313 1086 1449 1128 mundis,

981 1131 1089 1163 Sinum
1117 1132 1365 1171 intellegentiae,

980 1180 1172 1221 Voluntatis,
1200 1181 1371 1212 memoriae

1028 1228 1175 1260 Suaviter
1200 1228 1378 1267 perfundis.

980 1320 1031 1356 Ex
1058 1329 1110 1354 tua
1136 1323 1303 1355 influentia

1026 1372 1119 1402 Mens
1144 1381 1215 1403 mea
1240 1378 1417 1410 recreatur,

977 1419 1060 1450 Dum
1090 1428 1157 1450 mea
1185 1420 1379 1452 conscientia

1026 1469 1063 1499 In
1091 1472 1132 1504 te,
1162 1466 1246 1504 Iesu,
1274 1469 1422 1511 laetatur,

977 1514 1089 1546 Dulcis
1117 1517 1316 1555 experientia

978 1563 1033 1594 Fit
1061 1572 1098 1594 ex
1122 1567 1177 1594 tua
1202 1565 1396 1603 praesentia,

1028 1612 1096 1649 Qua
1121 1611 1223 1643 deitas
1249 1616 1405 1652 gustatur.

979 1703 1056 1738 Vita
1082 1708 1113 1738 iu
1142 1706 1229 1738 fonte
1255 1707 1386 1750 bibitur,

1024 1755 1106 1786 Dum
1125 1764 1214 1786 mens
1233 1760 1276 1795 te,
1295 1757 1378 1797 lesu,
1398 1757 1511 1798 tangit,

978 1802 1163 1834 Iucunditas
1189 1803 1380 1843 infunditur,

1024 1851 1107 1882 Dum
1136 1856 1207 1883 tuas
1233 1851 1344 1884 laudes
1370 1855 1492 1894 pangit,

978 1898 1014 1929 In
1041 1903 1146 1930 mente
1172 1900 1278 1932 lumen
1303 1900 1416 1943 oritur,

976 1946 1013 1977 In
1040 1956 1101 1986 qua
1126 1947 1182 1978 lux
1205 1949 1338 1979 verbum
1357 1949 1512 1988 cernitur,

1025 1994 1108 2026 Dum
1135 1995 1211 2027 tuba
1238 1995 1326 2028 verbi
1354 1997 1485 2038 clangit.

975 2086 1036 2122 Est
1063 2090 1153 2122 verbi
1179 2101 1240 2123 vox
1268 2092 1464 2134 dulcissima,

1023 2138 1123 2177 Quam
1149 2148 1238 2171 mens
1262 2140 1374 2172 audire
1392 2141 1514 2182 gliscit,

973 2185 1024 2217 Ex
1051 2186 1111 2218 hac
1137 2187 1212 2218 tuba
1239 2188 1413 2220 novissima

1021 2234 1114 2266 Mens
1139 2243 1258 2273 sponsa
1283 2236 1467 2279 reviviscit3

972 2281 1029 2323 Es,
1057 2282 1139 2323 lesu,
1167 2291 1217 2314 res
1243 2284 1411 2325 altissima,

974 2329 1043 2368 Qua
1067 2334 1123 2362 tna
1147 2332 1364 2364 secretissima

1022 2377 1116 2409 Mens
1142 2387 1260 2420 sponsa
1285 2379 1379 2420 plura
1401 2381 1512 2415 discit.
