1653 2680
442 167 493 198 16.

448 395 500 426 17.

444 624 499 656 18.

441 852 493 884 19.

445 1082 499 1112 20.

436 1309 493 1340 21.

441 1537 460 1567 10

467 1538 483 1567 {a

439 1766 493 1798 23.

438 2217 492 2248 25.

699 67 960 102 —232—

523 165 587 197 Cur
611 164 695 196 enim
721 174 784 197 non
809 162 864 196 flet
889 164 982 197 homo
1007 166 1204 206 peregrinus,

519 213 578 252 Qui
605 221 703 252 supra
730 211 845 244 flumen
871 213 986 244 sedens
1012 212 1186 252 Babylonis

519 260 643 292 Memor
671 264 719 291 est
743 259 867 300 matris,
894 260 967 292 dum
996 261 1141 300 privatur
1167 261 1235 292 visu

642 307 799 348 Tempore
823 307 947 339 multo?

529 394 554 426 Ο
582 402 655 425 vere
681 397 792 430 mater,
821 393 932 425 civitas
957 403 1104 435 superna,

527 442 578 473 Ad
606 445 637 472 te
664 441 827 481 suspirant
852 441 976 473 animae
1001 441 1123 480 fideles,

525 490 611 529 Quae
637 488 696 520 tibi
722 489 804 520 roris
829 488 944 527 pocula
970 489 1138 529 degustant

649 537 745 570 Caelo
772 536 918 568 demissa.

526 623 663 655 Claritas
687 626 740 654 tua
767 622 896 654 claritas
921 626 1061 662 aeterna,

523 670 635 702 Honor
661 674 692 700 et
715 670 812 701 decus
837 669 868 700 in
895 669 1034 701 turi-ibas
1058 670 1133 709 tuis,

524 718 564 749 Et
591 727 649 756 per
674 727 833 749 murorum
859 717 983 749 moenia
1007 717 1144 749 iucunda

647 767 779 797 Cantica
804 765 944 798 laudum.

524 851 664 890 Lapides
692 853 735 882 tui
762 851 887 890 lapides
913 850 1016 888 electi,

526 901 647 930 Aurum
674 898 815 930 obrizum
842 897 1046 937 pulchritudo
1071 901 1137 939 tua,

526 947 576 978 Ex
602 946 782 985 margaritis
808 947 972 978 ianuarum
1001 946 1097 976 decus

646 995 745 1026 Omne
771 994 925 1025 consistit.

528 1080 741 1111 l’retiosorum
768 1080 912 1119 lapidum
939 1084 1099 1110 structura

520 1128 650 1168 Singula
677 1129 722 1158 tui
750 1126 958 1159 fundamenta
984 1130 1128 1164 vernant,

519 1175 561 1206 Et
588 1183 645 1215 per
675 1175 797 1213 plateas
823 1175 901 1214 ligni
927 1175 1011 1206 vitae
1037 1173 1160 1205 fructus

644 1222 814 1262 Multiplex
840 1222 950 1262 surgit.

520 1308 545 1340 O
571 1309 687 1346 lignum
716 1307 805 1343 felix,
832 1308 917 1346 quod
944 1308 1066 1348 rigatur
1090 1306 1177 1338 unda

519 1355 631 1386 Fontis
657 1355 789 1395 aeterni,
817 1355 869 1394 qui
896 1355 935 1386 de
961 1356 1075 1385 throno
1101 1357 1216 1395 manat,

520 1403 644 1442 Impetu
671 1403 758 1433 cuius
785 1403 947 1433 hilarescit
973 1410 1100 1442 semper

645 1451 763 1481 Civitas
790 1450 859 1481 Dei.

465 1545 470 1550 ·
490 1562 496 1567 .
523 1536 593 1567 Hae
614 1539 687 1566 tuae
713 1535 834 1577 laudes,
863 1535 975 1566 civitas
998 1535 1146 1576 iucunda,

520 1583 561 1614 Et
588 1592 665 1623 quas
691 1592 749 1613 nec
775 1583 881 1623 lingua
908 1592 1056 1614 resonare
1082 1586 1198 1623 potest,

521 1631 621 1662 Immo
645 1639 702 1661 nec
729 1631 834 1662 cordis
861 1630 978 1662 sufficit
1004 1631 1132 1661 humani

643 1679 759 1710 Sensus
786 1679 904 1712 rimari.

522 1765 650 1802 Verum,
677 1764 704 1794 si
731 1765 814 1799 licet.
842 1764 937 1795 latius
964 1773 1141 1803 pensemus,

519 1813 643 1852 Quanta
669 1812 709 1843 sit
735 1811 794 1842 tibi
819 1811 921 1852 gloria
945 1812 1110 1849 iustorum,

520 1861 580 1898 Qui
606 1860 740 1891 laureati
766 1864 893 1891 manent
918 1863 993 1891 ante
1017 1860 1166 1892 thronum

642 1908 738 1948 Regis
764 1908 895 1939 aeterni.

520 1989 688 2029 Nunquam
714 1988 870 2025 laborant,
899 1988 1039 2020 esuriunt
1067 1997 1226 2029 nunquam

521 2036 654 2076 Semper
679 2036 849 2076 exsultant,
876 2035 1010 2067 iubilant
1036 2040 1068 2067 et
1093 2036 1245 2077 psallunt,

518 2085 642 2124 Quippe
667 2093 737 2115 cum
764 2084 851 2115 nulla
876 2087 1020 2123 tempora
1046 2083 1161 2116 festiva

643 2132 767 2164 Gaudia
792 2131 953 2163 claudant.

522 2215 586 2247 Iam
615 2214 696 2245 enim
721 2212 822 2244 imber
847 2212 975 2244 transiit
1001 2216 1033 2243 et
1058 2213 1168 2254 hiems,

520 2263 634 2296 Flores
658 2262 692 2293 in
717 2265 805 2292 terra
829 2261 969 2301 undique
994 2260 1183 2299 vernabunt,

520 2311 563 2343 Et
589 2309 778 2342 exsultantis
803 2309 936 2340 turturis
962 2318 997 2340 os
1021 2317 1103 2341 nova

644 2357 776 2390 Cantica
801 2361 934 2397 promet.
