1651 2680
184 157 238 190 21.

699 57 957 93 —376—

265 156 379 188 Omnia
405 156 437 187 in
463 155 598 186 veritate

313 203 399 235 Iuste
423 202 590 239 iudicabit.

265 251 361 282 Iustis
388 251 485 282 vitam
511 250 655 290 indilate,

313 298 444 331 Iniustis
471 301 605 329 mortem
632 297 732 330 dabit.

266 374 430 413 Quondam
458 382 542 405 eram
571 374 765 413 paupercula

313 422 363 454 Ex
389 421 485 454 corde
510 423 613 462 patris
638 426 724 459 nata,

266 470 408 509 Simplex
435 470 633 505 muliercula.

313 517 450 549 Humilis
477 523 508 548 et
534 521 636 556 grata.

214 610 239 627 ⁷.
268 595 361 626 Nunc
387 603 454 625 sum
481 594 512 625 in
540 593 699 634 regalibus

316 642 419 673 Nimis
446 643 586 673 exaltata

266 690 307 721 Et
334 690 365 720 in
392 689 604 721 tribunalibus

313 737 427 769 Gloria
453 741 575 769 ornatu.

183 825 188 830 ·
234 841 239 845 ,
268 814 387 846 Castris
414 818 445 845 et
471 814 610 853 palatiis,

184 1037 237 1068 25.

315 862 460 893 Pulchris
484 863 689 901 ornamentis,

266 910 413 942 Pluribus
439 910 575 947 solaciis,

314 958 424 996 Stipor
450 956 654 989 fulcimentis.

265 1035 301 1066 In
328 1033 574 1074 gazophylaciis,

314 1083 392 1113 Auri
419 1082 655 1119 blandimentis,

266 1129 454 1169 Sopliisticis
482 1128 618 1161 fallaciis

314 1177 355 1208 Et
382 1178 413 1208 in
439 1178 643 1217 argumentis,

210 1357 213 1360 .
243 1330 310 1360 Viri
338 1329 548 1365 venerabiles,

291 1378 483 1408 Sacerdotes
508 1377 580 1418 Dei,

243 1425 278 1455 In
305 1425 368 1456 fide
393 1424 462 1455 sitis
489 1424 620 1456 stabiles

290 1473 333 1503 Et
359 1473 506 1503 serviatis
532 1472 571 1504 ei.

244 1549 318 1588 Vos,
346 1549 398 1587 qui
424 1549 490 1579 eius
516 1548 626 1587 tilium,

292 1596 440 1628 Manibus
466 1597 622 1637 tractatis,

243 1644 358 1684 Angeli
385 1644 551 1676 consilium

292 1692 367 1724 Cum
393 1692 453 1723 hoc
479 1692 636 1724 habeatis.

244 1769 455 1805 Consecratis,
483 1768 671 1800 ministratis

291 1816 409 1848 Christi
436 1821 679 1856 sacramentum,

243 1864 457 1905 Manducatis‚
485 1864 672 1904 adprobatis

292 1912 415 1944 Novum
442 1916 675 1944 testamentum.

243 1989 429 2025 Caritateni,
454 1987 562 2026 fidem,
591 1998 680 2029 spem

292 2036 434 2068 Invicem·
457 2040 627 2076 sectantes,

247 2084 422 2115 Caelestem
448 2084 479 2115 in
506 2085 679 2117 Ierusalem

296 2131 461 2163 Intrabitis
487 2132 654 2173 laetantes,

210 2235 218 2242 .
242 2207 277 2240 Si
304 2212 409 2240 tamen
437 2208 623 2247 spreveritis

294 2257 408 2289 Mundi
434 2256 604 2288 vanitatem

245 2304 290 2336 Et
315 2303 423 2337 sobrie
446 2304 594 2336 vixeritis

295 2355 449 2385 Amantes
477 2353 664 2385 castitatem.

871 155 926 187 26.

873 374 927 406 27.

872 816 926 848 29.

871 1036 925 1067 30.

800 1264 858 1298 IX.

897 1333 928 1362 «j.

874 2210 929 2243 10.

952 153 1058 185 Variis
1085 153 1244 186 coloribus

999 200 1147 233 Pulchris
1173 204 1206 232 et
1229 200 1362 239 ornatis,

953 248 1058 281 Ornor
1081 259 1101 281 a
1126 249 1302 281 victoribus

1001 297 1076 328 Plus
1101 306 1195 338 quam
1220 306 1239 328 a
1263 295 1427 335 praelatis

954 373 1063 405 Ducor
1087 382 1171 405 nunc
1195 373 1228 405 in
1254 372 1399 404 curribus

1000 421 1105 453 Elatis
1129 426 1163 453 et
1186 420 1314 453 falcatis

953 469 997 500 Et
1021 469 1053 500 in
1079 469 1154 500 altis
1179 468 1331 508 turribus,

999 517 1138 549 Muratis
1164 520 1196 548 et
1220 516 1397 556 quadratis.

953 594 1103 633 Specioso
1129 601 1306 633 conqueror

998 641 1120 673 Summi
1144 642 1229 681 regis
1254 644 1341 682 nato,

952 690 1042 728 Quod
1069 689 1114 720 sie
1139 690 1233 720 modo
1260 689 1387 720 desolor

999 738 1038 769 In
1062 737 1124 768 hoe
1147 741 1254 768 terrae
1279 740 1382 776 prato.

955 813 1119 853 Quondam
1146 813 1229 844 enim
1256 812 1351 843 habui

1001 863 1171 893 Amatores
1198 861 1316 899 plureS‚

953 909 1069 941 Omnes
1095 909 1215 945 tabent,
1243 907 1331 939 tabui

998 958 1088 997 Quia,
1115 956 1206 996 quasi
1231 955 1330 987 fures.

955 1033 1066 1065 Carnis
1091 1036 1248 1072 quaerunt
1273 1032 1407 1072 gloriam

1001 1082 1121 1113 Vanam
1149 1084 1181 1112 et
1205 1080 1352 1118 honores,

954 1129 1005 1160 sic
1032 1138 1143 1160 aurum
1169 1127 1205 1158 fit
1230 1128 1261 1158 in
1288 1128 1436 1167 scoriam,

1000 1178 1043 1208 Et
1068 1180 1297 1215 pervertuntur
1322 1184 1438 1207 mores.

957 1329 1027 1361 Non
1055 1327 1204 1369 frangant
1229 1337 1284 1360 vos
1311 1330 1488 1369 contraria,

1003 1377 1036 1408 Si
1064 1377 1147 1408 mala
1172 1377 1346 1417 sustinetis,

957 1425 1038 1456 Nam
1064 1434 1122 1464 per
1148 1426 1226 1456 haec
1252 1425 1383 1464 angaria

1006 1474 1112 1504 Vitam
1135 1473 1316 1505 invenietis.

957 1549 1074 1581 Servus
1101 1549 1219 1580 Christi
1245 1549 1277 1580 in
1305 1549 1417 1581 timore

1003 1597 1108 1628 Debet
1133 1606 1259 1636 semper
1284 1597 1428 1638 vigilare,

955 1645 992 1677 In
1020 1645 1130 1676 labore
1156 1650 1187 1675 et
1213 1644 1338 1677 fervore

1003 1694 1255 1732 Temptamentis
1282 1701 1473 1734 repugnare.

920 1795 927 1802 .
955 1770 1075 1802 Contra
1099 1770 1274 1802 diabolicas

1003 1818 1101 1849 Artes
1127 1818 1317 1855 resistendo,

955 1864 1098 1897 Tandem
1125 1867 1318 1906 apostolicas

1005 1913 1148 1945 Virtutes
1173 1913 1358 1949 obtinendo,

922 2015 929 2022 .
956 1989 1066 2023 Finito
1090 1990 1264 2023 certamine

1005 2038 1134 2069 Erimus
1160 2039 1253 2080 uniti,

955 2085 1064 2118 Finali
1089 2085 1122 2117 in
1148 2087 1294 2119 examine

1004 2133 1131 2175 Optime
1157 2135 1280 2169 muniti.

956 2210 1046 2243 Tunc
1071 2218 1131 2250 pro
1156 2210 1249 2243 nobis
1273 2211 1430 2245 Dominus

1005 2257 1162 2300 ChristuS,
1189 2267 1325 2299 sponsus
1348 2269 1448 2304 meus,

958 2305 1065 2339 Stabit
1088 2306 1294 2339 nihilominus

1008 2354 1109 2386 Verus
1135 2354 1354 2391 Homo-Deus.
