1651 2680
411 193 466 226 12.

411 529 465 561 13.

409 769 463 801 14.

199 997 281 1024 Orat.
310 1006 363 1024 ms-
386 998 606 1024 Lunaelacense
632 999 701 1023 anni
731 995 812 1024 1451.
836 996 905 1024 cod.
928 996 1134 1023 Viuduhouen.
1156 996 1241 1024 3835.
1262 1012 1298 1016 —
1320 996 1352 1031 3,
1381 996 1398 1025 3
1421 999 1450 1025 in

678 98 912 132 —55-

493 193 568 225 Noli
596 203 681 234 ergo,
709 201 812 226 mater
838 194 910 235 Dei,

491 241 648 274 Oblivisci
674 241 769 274 hodie
795 242 866 284 mei,

489 288 553 320 Sed
579 298 639 328 pro
664 298 724 329 me,
750 290 888 329 domina,
915 299 991 331 ora;

489 335 593 368 Filius
619 338 711 368 audit
738 341 769 368 te
795 337 915 378 absque
941 347 1039 376 mora,

489 384 539 415 De
566 385 654 416 cuius
681 389 771 416 utero
798 386 895 417 voluit
923 385 1012 417 nasci

491 432 535 464 Et
562 441 581 464 a
605 433 668 464 tuis
695 433 848 464 uberibus
873 434 973 473 pasci.

493 529 612 560 Sancta
637 527 752 570 Maria,
781 532 884 560 mater
910 528 1040 567 Christi,

492 576 589 608 Placa
614 575 727 616 Deum,
755 585 847 615 quem
873 576 1020 617 genuisti,

492 623 590 655 Placa
616 624 696 654 iram
724 625 784 654 mei
812 623 938 663 iudicis,

488 671 537 703 Tu
563 674 665 703 mater
691 672 758 702 eius
785 676 894 703 sancta
913 670 1044 704 sufficis.

491 768 555 809 Sic,
584 767 721 803 domina,
748 767 814 798 scio
838 776 898 807 pro
925 776 1011 809 vero,

490 815 524 847 Si
550 816 748 855 subveneris,
775 815 883 847 salvus
909 824 983 855 ero3

490 865 648 896 Succurre
675 872 760 903 ergo,
788 872 938 894 succurre
965 863 1067 905 citius,

490 913 531 944 Et
557 913 617 943 erit
642 911 721 942 mihi
746 919 805 950 per
831 914 862 942 te
888 912 1060 951 propitius.

124 1035 247 1064 deliciis.
269 1050 306 1055 —
328 1034 354 1067 6,
376 1035 393 1063 5
414 1036 569 1071 perpendit
589 1043 682 1062 meus.
705 1049 741 1054 -
764 1033 809 1067 12,
830 1033 847 1062 6
869 1035 977 1062 uberis.

141 1298 172 1330 1.
199 1297 245 1328 Te
271 1296 365 1336 cupio
391 1297 543 1335 salutare,

563 1195 611 1226 38.
643 1194 764 1226 Laudes
788 1195 858 1226 Iesu
883 1194 1010 1226 Christi.

842 1297 874 1329 6.
902 1298 982 1333 Ave,
1010 1295 1128 1328 iubilus
1154 1298 1306 1328 mentium

195 1344 346 1377 Sanctum
372 1344 433 1376 Dei
458 1344 611 1386 salutare,

196 1392 346 1425 salutans
372 1396 403 1424 te
429 1392 573 1433 glorifico

196 1441 241 1473 Et
266 1450 326 1481 pro
352 1449 446 1481 posse
472 1439 651 1481 magnifico.

159 1563 166 1571 .
196 1537 242 1569 Te
269 1546 396 1577 quaeso,
422 1545 462 1568 ne
490 1536 660 1576 despicias,

198 1585 262 1618 Sed
290 1585 463 1616 clementer
488 1585 645 1625 suscipias

195 1633 331 1674 Salutes‚
359 1643 438 1673 quas
464 1642 548 1665 nunc
574 1632 672 1664 offero

194 1681 307 1721 Saluti,
335 1691 428 1722 quam
455 1681 615 1714 desidem.

154 1804 162 1812 .
189 1780 271 1818 Ave,
298 1779 381 1818 Iesu⁷
408 1777 454 1809 fili
481 1777 552 1818 Dei,

187 1828 270 1867 Ave,
296 1826 369 1858 finis
395 1835 484 1857 meae
511 1826 590 1866 spei,

187 1876 272 1917 Ave,
300 1876 373 1908 Iesu
399 1883 514 1906 nomen
541 1875 640 1914 pium,

184 1925 267 1965 Ave,
294 1924 379 1956 vitae
405 1923 610 1963 principium.

155 2046 164 2055 .
190 2022 272 2061 Ave,
299 2021 383 2062 Iesu,
411 2029 525 2052 nomen
552 2020 680 2060 bonum,

191 2069 312 2102 Summi
330 2070 434 2110 patris
449 2078 605 2100 summum
622 2069 752 2107 donum,

187 2120 268 2158 Ave,
296 2119 381 2157 Iesu,
408 2126 523 2150 nomen
551 2126 671 2157 carum,

191 2167 229 2200 In
255 2175 318 2207 quo
343 2166 423 2198 nihil
451 2169 501 2198 est
523 2173 677 2197 amarum.

151 2289 159 2297 .
185 2265 269 2302 Ave,
296 2263 381 2302 Iesu,
408 2262 471 2294 mel
497 2262 529 2293 in
556 2269 622 2302 ore,

188 2312 325 2352 Semper
349 2320 449 2343 novus
475 2310 507 2341 in
535 2317 654 2348 amore,

185 2361 269 2400 Ave,
296 2359 381 2400 Iesu,
408 2358 503 2391 dulce
530 2357 641 2398 melos,

187 2409 281 2449 Quod
307 2411 437 2440 resonat
462 2415 562 2448 supra
589 2404 705 2438 caelos.

814 2260 870 2294 10.

901 1344 947 1376 Te
973 1353 1048 1375 vere
1075 1344 1260 1380 sitientium,

902 1392 973 1424 Non
999 1396 1047 1423 est
1074 1393 1198 1435 mirum,
1227 1394 1253 1424 si
1280 1394 1403 1433 jubilat,

904 1441 939 1472 In
967 1450 1029 1480 quo
1056 1444 1163 1473 tantus
1188 1443 1234 1473 sol
1262 1442 1381 1475 rutilat.

865 1562 872 1570 .
901 1540 982 1575 Ave,
1010 1537 1105 1568 melle
1132 1538 1339 1578 praedulcior

901 1586 942 1617 Et
969 1586 1047 1616 satis
1074 1585 1239 1618 odoratior

898 1634 999 1672 Quam
1026 1633 1185 1673 quaelibet
1213 1640 1368 1674 aromata,

902 1682 936 1712 ln
963 1685 995 1712 te
1021 1691 1098 1714 vera
1126 1688 1199 1714 sunt
1224 1682 1368 1715 sabbata.

864 1804 870 1810 .
898 1778 978 1815 Ave,
1008 1778 1092 1819 Iesu,
1121 1788 1176 1810 rex
1204 1779 1373 1818 virginum,

896 1826 984 1865 Quae
1018 1830 1049 1856 te
1081 1826 1183 1858 Deum
1219 1831 1249 1858 et
1276 1827 1448 1859 Dominum

898 1873 1081 1913 Sequuntur
1107 1874 1186 1906 locis
1212 1875 1359 1907 omnibus

901 1922 1006 1954 Claris
1033 1928 1183 1955 canentes
1210 1923 1350 1957 vocibus.

864 2045 871 2052 .
899 2019 981 2057 Iesu,
1008 2019 1068 2050 tibi
1095 2024 1166 2052 sunt
1193 2021 1343 2061 proximi⁷

899 2068 959 2106 Qui
985 2072 1059 2098 sunt
1085 2077 1181 2100 carne
1207 2069 1421 2110 mundissimi,

899 2115 931 2147 Si
959 2124 1047 2146 mens
1074 2117 1162 2148 carni
1188 2119 1383 2157 respondeat

900 2164 967 2195 Nec
994 2173 1076 2195 vana
1102 2165 1197 2197 laude
1223 2167 1372 2206 gaudeat.

897 2259 971 2292 Tibi
998 2260 1104 2300 placet
1130 2262 1307 2303 virginitas,

898 2308 955 2340 Cui
982 2318 1045 2340 non
1073 2308 1163 2342 deest
1189 2311 1362 2352 humilitaS,

897 2356 960 2388 Sed
990 2356 1130 2397 virgines
1154 2368 1218 2390 non
1245 2359 1381 2390 humiles

897 2404 971 2437 Tibi
997 2410 1072 2436 sunt
1097 2407 1366 2447 contemptibiles
