1651 2680
690 106 953 142 —119—

138 226 140 231 .
179 203 233 236 19.
260 202 455 235 Benedictus
481 204 616 236 vestium

168 1193 186 1224 N)

257 251 362 282 Decor
387 250 589 292 virginalium

303 299 438 330 Minime
463 298 644 339 superfluus

252 347 358 386 Atque
385 347 554 378 alimoniae

253 394 369 432 Tenor,
397 391 626 426 sanctimoniae

302 442 460 482 Virginali
487 451 654 482 congruus.

868 204 925 235 20.
954 202 1128 234 Benedicta
1156 202 1300 234 omnibus

951 251 1246 289 BenedictionibuS,

999 298 1097 338 Virgo
1123 299 1218 340 plena
1241 298 1355 338 gratia,

950 346 1017 377 Tua
1045 346 1226 378 benedictio

951 394 1069 425 Nostra
1095 394 1137 426 sit
1162 394 1320 434 protectio

997 442 1107 473 Virtus
1134 447 1165 473 et
1192 442 1337 473 victoria.

239 538 319 563 Orat.
344 545 395 563 mS.
418 537 582 572 Campense
603 539 673 564 anni
697 535 776 564 1462.
820 536 891 564 Cod.
915 535 1128 563 Darmstadien.
1151 535 1216 563 521.

234 679 278 709 75.
319 677 363 708 Ad
386 677 546 708 Dominam
567 680 707 708 nostram
730 679 872 708 sanctam
895 677 1025 708 Mariam
1048 676 1204 708 sedentem
1232 678 1260 707 in
1285 677 1407 707 throno.

195 795 202 802 .
230 768 354 807 Gaude,
382 769 492 807 regina
515 767 643 808 nobilis,

231 817 332 857 Virgo
359 815 630 856 incomparabilis,

230 866 317 904 Quae
343 865 374 895 in
399 864 516 895 vestitu
543 863 692 895 candido.

230 910 419 945 Omniformi
445 917 475 943 et
502 911 635 951 fulgido,

227 961 302 992 Sola
328 959 429 1000 fulges
456 961 487 991 in
515 960 595 990 solio

226 1008 348 1040 Sedens
374 1008 592 1047 imperatorio.

385 1121 430 1148 Ad
451 1122 546 1157 pedes.

192 1218 198 1223 .
227 1191 350 1231 Gaude,
378 1189 466 1222 cuius
492 1190 628 1230 pedibus

228 1238 418 1272 affectuosis
445 1239 595 1270 cordibus

274 1287 390 1318 Devoti
417 1290 674 1326 prosternuntur,

227 1340 311 1374 Quos
339 1335 402 1375 piis
428 1335 566 1366 lustrant
590 1334 690 1365 oculis

228 1384 267 1415 Et
296 1383 379 1414 caris
407 1386 554 1423 premunt
579 1382 697 1413 osculis

277 1431 320 1462 Et
348 1430 444 1462 corde
471 1431 736 1470 complectuntur.

335 1545 378 1571 Ad
400 1546 603 1572 calciamenta.

194 1640 200 1645 .
227 1618 324 1653 Quam
352 1613 486 1653 pulchra
513 1623 546 1645 es
571 1614 603 1644 in
631 1613 751 1653 calcus,

273 1663 298 1694 O
324 1666 400 1693 nata
425 1663 539 1694 summi
568 1661 734 1701 principis,

323 1710 501 1750 Superbiae
527 1710 698 1751 calcatrix,

223 1759 284 1790 Hic
314 1758 432 1790 nostris
459 1758 628 1790 desideriis

270 1807 318 1838 Tu
345 1805 434 1838 faves
461 1816 581 1846 nosque
608 1806 736 1847 recipis,

318 1855 492 1887 Humilium
518 1855 667 1886 amatrix.

229 1942 350 1982 Gaude,
362 1942 475 1985 gaude,
483 1943 655 1983 plusquam
662 1944 782 1981 sancta,

222 1992 310 2030 Quae
335 1989 396 2022 sub
423 1994 477 2022 tua
502 1994 592 2021 tenes
619 1989 731 2029 planta

269 2039 430 2071 Draconis
457 2042 555 2079 caput
580 2037 759 2076 horridum,

222 2088 293 2119 Non
321 2087 501 2129 permittas,
529 2090 564 2118 ut
590 2086 729 2126 respiret

220 2136 289 2168 Nec
315 2145 349 2167 se
377 2136 505 2176 quidem
533 2139 568 2166 ut
594 2135 724 2174 regiret,

271 2185 335 2217 Sed
354 2184 477 2216 hostem
496 2192 605 2224 preme
624 2182 781 2215 rabidum.

344 2298 387 2326 Ad
410 2298 570 2327 dexteram.

221 2367 346 2408 Gaude,
372 2368 412 2399 ad
441 2368 531 2400 cuius
558 2367 724 2398 dexteram

219 2417 403 2450 Recurrunt
427 2414 638 2456 salutiferam,

921 768 979 807 Qui
1006 767 1083 798 lassi
1110 768 1150 798 ad
1178 772 1209 798 te
1235 768 1375 798 venium.

919 816 977 855 Qui
1005 819 1035 845 te
1062 825 1169 847 amare
1197 816 1346 854 cupiunt;

921 864 980 902 Qui
1008 873 1066 894 ave
1090 873 1148 902 per
1174 864 1326 895 articulos

919 911 1121 950 Depromunt
1150 912 1207 942 tihi
1235 912 1386 951 singulos,

920 960 1096 998 Adponunt
1127 970 1266 999 geminus
1291 959 1428 994 annulis,

920 1007 1002 1038 Dum
1030 1007 1168 1038 mulcent
1198 1017 1322 1038 manum
1350 1007 1477 1037 osculis.

1123 1133 1203 1158 Item.

863 1210 892 1241 6.
920 1209 1036 1240 Manus
1066 1209 1141 1240 haec
1169 1210 1199 1239 in
1228 1219 1322 1239 manu
1349 1218 1427 1244 inea,

921 1257 1002 1288 Tota
1028 1266 1097 1287 mea
1125 1266 1197 1297 spes
1225 1259 1254 1288 in
1282 1266 1328 1289 ea.

920 1305 945 1337 O
971 1305 1194 1346 amplectenda
1222 1306 1364 1345 dextera,

918 1352 1066 1384 Defende
1094 1362 1143 1384 me
1170 1358 1199 1384 et
1229 1353 1340 1384 libera.

914 1403 984 1433 Ave
1012 1401 1114 1432 dicam
1143 1402 1193 1433 liic
1222 1401 1415 1440 frequenter.

917 1450 965 1480 Tu
991 1450 1135 1480 ausculta
1163 1450 1343 1485 diligenter.

917 1498 1070 1533 Attende,
1099 1499 1173 1529 audi
1198 1498 1338 1529 auribus.

916 1546 1006 1585 Quod
1034 1546 1095 1576 tuis
1123 1547 1209 1577 addo
1235 1545 1401 1577 laudibus:

915 1594 957 1626 Ut
983 1598 1014 1624 te
1040 1595 1173 1625 salutern
1204 1595 1337 1630 dulcius,

916 1642 1070 1673 Morabor
1096 1642 1147 1674 hie
1176 1643 1303 1673 diutius.

1062 1761 1104 1787 Ad
1127 1762 1246 1796 dig-inm.

857 1835 887 1867 7.
916 1834 1038 1873 Gaude,
1067 1835 1154 1867 cuius
1180 1836 1293 1875 digito.-

915 1885 1014 1923 Auro,
1043 1884 1175 1922 gemmis
1200 1884 1338 1916 inclitos.

915 1931 1091 1962 Dinumero
1119 1942 1187 1963 cum
1215 1933 1343 1968 osculis,

918 1981 1070 2019 Aponens
1097 1989 1155 2011 ave
1182 1980 1326 2020 singulis

1048 2099 1090 2125 Ad
1115 2100 1274 2127 brachium.

856 2174 887 2206 8.
918 2172 1043 2210 Gaude,
1071 2172 1160 2205 cuius
1186 2174 1244 2205 sub
1272 2174 1406 2206 brachio

917 2221 1068 2252 Reversis
1097 2220 1136 2252 de
1163 2221 1333 2262 naufragio

964 2268 1140 2300 Iucundum
1167 2275 1215 2301 est
1240 2280 1389 2311 pausare,

912 2317 978 2349 Sub
1004 2321 1067 2348 tam
1095 2319 1148 2356 pio
1174 2320 1327 2359 regimine

913 2366 976 2398 Pro
1001 2369 1056 2397 tuo
1083 2366 1168 2398 dulci
1194 2368 1320 2399 nomine

962 2413 1012 2445 Da
1039 2413 1130 2446 nobis
1157 2416 1325 2450 accubare.
