1651 2680
0 0 23 74 ''z-1

141 189 198 224 15.

139 416 195 450 16.

142 643 196 676 17.

140 869 194 903 18.

140 1096 193 1128 19.

140 1322 195 1354 20.

140 1548 196 1583 21.

141 1771 196 1804 22.

144 1993 199 2027 23.

145 2265 202 2299 24.

667 92 928 127 —301-

225 189 252 222 Ο
277 188 391 221 civitas
415 188 478 221 Dei
502 189 628 229 summi,

225 236 327 269 Sedes
352 237 442 277 regni
467 238 629 280 perpetui,

223 285 318 318 Cives
343 285 389 317 tui
414 285 558 317 universi

224 333 280 366 Pio
306 332 436 366 faveant
463 333 585 366 Ottoni.

221 415 272 447 Ex
298 413 374 446 filiis
400 415 463 447 tuis
490 417 608 448 multos

224 463 331 495 Habet
356 463 409 494 hic
434 465 566 504 praesul
593 469 759 505 patronos⁷

224 511 288 543 Sub
315 521 447 551 quorum
477 514 657 553 patrocinio

223 559 347 591 Struxit
371 561 524 593 ecclesias
551 560 693 595 Christo,

224 641 288 673 Dat
313 641 472 681 primitias
499 646 643 674 votorum

222 689 307 731 Tibi,
335 690 500 727 Laurenti,
527 700 656 723 suorum

222 738 296 770 Otto
322 739 452 778 praesul
477 740 615 771 ecclesia

221 786 258 817 In
285 784 429 827 Vrangia
455 791 652 821 constructa.

221 868 265 900 Et
289 868 360 907 tibi,
387 872 498 900 sancte
525 869 658 910 Georgi,

221 916 346 948 Devote
373 918 480 957 coepit
506 918 641 958 obsequi

221 965 297 997 Otto
323 966 465 996 condens
492 966 662 998 ecclesiam

222 1013 327 1053 Prope
350 1013 463 1044 urbem
490 1014 713 1055 Ratisponam.

221 1094 276 1134 Te,
299 1095 406 1137 Petre‚
426 1096 578 1135 princeps
593 1098 772 1135 pastorum,

222 1142 298 1175 Otto
322 1143 443 1174 habeat
465 1148 649 1183 patronum,

225 1191 286 1223 Per
303 1200 397 1230 quem
416 1192 476 1222 tibi
491 1196 539 1223 est
554 1195 774 1224 constructum

223 1240 260 1271 In
288 1240 399 1273 Uraha
425 1240 624 1274 coenobium.

221 1320 368 1353 Ottonem
396 1321 525 1353 Christo
552 1321 750 1363 commenda,

224 1369 382 1400 Iohannes
409 1370 617 1410 evangelista,

224 1417 283 1450 Cui
309 1422 357 1448 est
383 1417 424 1449 ab
451 1427 488 1449 eo
515 1423 700 1450 constructa

224 1465 262 1497 In
287 1465 463 1497 Vicbiluelt
489 1467 636 1499 ecelesia.

224 1548 250 1580 Ο
275 1548 394 1580 Iacobe
419 1549 576 1588 apostole,

224 1596 334 1628 Ottoni
358 1597 501 1636 praesuli
524 1596 610 1635 fave,

225 1644 286 1684 Qui
311 1644 397 1684 apud
426 1644 564 1676 Eustorf
588 1644 737 1677 condidit

229 1692 363 1733 Cellam,
390 1702 483 1733 quam
511 1693 571 1724 tibi
598 1693 728 1727 dicavit.

225 1769 334 1802 Ottoni
362 1769 468 1801 faveto
495 1771 559 1810 pia,

225 1818 285 1849 Dei
311 1818 458 1859 genetrix
484 1819 600 1861 Maria,

225 1869 254 1899 A
281 1876 343 1906 quo
371 1866 429 1898 tibi
456 1871 503 1898 est
531 1870 750 1899 constructum

226 1915 260 1946 In
288 1915 463 1947 Lancheim
489 1916 730 1948 monasterium.

228 1991 312 2030 Tibi,
340 2001 358 2023 ο
385 1992 495 2032 regina
519 1993 610 2033 caeli,

225 2040 407 2073 Devotione
432 2040 523 2073 fideli

227 2089 302 2122 Otto
330 2089 451 2121 dicavit
476 2090 632 2130 optimum

226 2137 324 2178 Apud
351 2137 473 2170 Biburc
499 2138 701 2172 coenobium.

231 2263 262 2295 Is
288 2263 348 2295 tibi
373 2263 685 2304 Windebergensem

231 2311 372 2344 Donavit
398 2314 645 2354 possessionem,

230 2360 290 2401 Qui
316 2360 472 2393 adunavit
496 2361 618 2393 ibidem

232 2408 320 2441 Cleri
344 2410 634 2450 congregationem.

833 191 890 223 25.
917 191 992 224 Otto
1018 200 1077 233 per
1102 191 1162 224 Dei
1188 191 1323 232 gratiam

919 239 1054 272 Ornavit
1079 240 1186 272 sedem
1213 240 1386 279 propriam,

917 288 1053 320 Addens
1079 289 1107 320 ei
1133 288 1295 319 abbatiam

918 337 953 368 In
980 335 1282 368 Madelhardestorf
1306 336 1411 370 sitam.

883 445 890 452 .
918 418 1004 460 Otto,
1031 423 1179 459 satagens
1204 428 1321 460 augere

917 466 1023 498 Decus
1050 467 1204 498 ecclesiae
1229 477 1314 506 suae,

917 515 1020 546 Addit
1047 515 1095 546 illi
1121 515 1164 546 ad
1191 515 1343 547 honorem

919 563 1041 595 Cellam
1068 563 1366 597 Monasteriensem.

882 669 887 675 .
916 644 1105 684 Reginstorf
1129 644 1358 684 Bambergensi

918 693 992 724 Otto
1019 692 1188 732 acquisivit
1216 693 1295 729 sedi„

918 741 1015 780 Quem
1043 741 1146 772 locum
1175 741 1367 780 regularium

919 789 1053 821 Constat
1079 797 1147 820 esse
1175 790 1373 821 clericorum.

884 896 890 903 .
918 871 1165 911 Halesprunnen
1193 871 1419 903 monachorum

919 919 1108 951 Construxit
1134 919 1351 950 habitaculum

916 967 1000 1003 Tibi,
1028 977 1046 998 0
1074 968 1163 1006 virgo
1190 967 1358 1009 virginum,

918 1015 1041 1046 Parans
1068 1016 1122 1047 ille
1148 1014 1344 1054 obsequium.

883 1122 889 1128 .
918 1097 954 1128 In
982 1097 1133 1128 honorem
1160 1097 1262 1127 sancti
1291 1097 1379 1127 Petri

917 1145 1112 1184 Alterspach
1139 1143 1217 1174 fecit
1244 1145 1394 1187 construi,

918 1194 978 1231 Qui
1004 1193 1091 1224 loeus
1118 1196 1165 1222 est
1193 1193 1357 1231 delegatus

920 1240 1055 1272 Clericis
1082 1240 1292 1280 regularibus,

884 1345 891 1351 .
918 1322 1051 1361 Aspach
1078 1327 1108 1354 et
1135 1319 1269 1354 Clfinich
1296 1323 1437 1362 geminas

920 1370 1003 1402 Suae
1029 1370 1098 1402 sedi
1126 1371 1218 1400 addit
1245 1371 1353 1413 cellas,

919 1418 1022 1451 Unam
1050 1418 1135 1449 beati
1162 1418 1330 1458 Matthaei,

916 1467 1063 1498 Alteram
1091 1467 1241 1498 Andreae
1268 1467 1381 1499 sancti.

885 1575 890 1581 .
918 1549 954 1580 In
981 1549 1230 1580 Arnoldesteine
1257 1553 1411 1580 structam

920 1597 1039 1629 Sancto
1065 1598 1204 1637 Georgio
1231 1598 1345 1629 cellam

922 1645 1057 1677 Praesul
1084 1646 1286 1677 venerandus
1313 1647 1388 1678 Otto

923 1693 986 1725 Suo
1014 1694 1069 1726 dat
1096 1694 1268 1734 episcopio.

885 1796 891 1801 .
920 1773 956 1803 In
985 1771 1105 1803 Vezera
1131 1772 1220 1810 quasi
1247 1772 1372 1802 stellam

919 1819 995 1852 Otto
1021 1821 1092 1860 pius
1121 1820 1299 1851 construxit
1326 1820 1451 1859 cellam,

919 1869 1018 1907 Quam
1046 1869 1207 1899 dedicavit
1236 1868 1267 1899 in
1295 1868 1414 1900 bonore

919 1916 979 1948 Dei
1006 1916 1179 1956 genetricis
1205 1916 1339 1949 Mariae.

889 2021 893 2026 .
923 1993 959 2025 In
986 1998 1092 2025 monte
1118 1993 1220 2024 sancti
1246 1994 1416 2026 Michaelis

921 2041 1042 2074 Cellam
1101 2042 1279 2073 construxit
1337 2048 1466 2074 sanetae

1184 2089 1287 2130 Fidis,

923 2139 1082 2178 Exceptis
1108 2137 1300 2170 habitaculis

928 2186 1038 2227 Longe
1064 2187 1114 2218 vel
1141 2195 1242 2226 prope
1269 2187 1393 2227 positis.

890 2289 897 2297 .
925 2264 961 2295 In
988 2264 1038 2296 his
1064 2265 1142 2296 locis
1169 2265 1244 2297 Otto
1270 2265 1352 2305 pius,

926 2312 1043 2344 Plenus
1068 2312 1159 2345 bonis
1185 2314 1347 2357 operibus,

924 2361 1061 2393 Domino
1090 2361 1299 2394 cottidianum

924 2410 1136 2450 Praeparavit
1159 2410 1356 2451 obsequium.
