1651 2680
745 113 982 148 -50—

220 212 278 244 27.
305 207 417 243 Electa
443 214 477 242 tn
503 209 685 251 aeternitas,
908 209 962 242 30.
989 205 1015 242 0
1042 209 1126 247 Iesu,
1152 206 1224 239 fons
1250 206 1434 239 dulcissime

350 258 477 290 Electio
502 261 641 298 aeterna,
1038 255 1215 289 Guiuslibet
1240 254 1393 292 dulcoris,

303 305 422 338 Secura
448 310 481 337 tu
507 304 684 345 internitas,
989 303 1070 344 Spes
1095 306 1127 334 te
1151 303 1335 343 quaerentis
1360 301 1496 336 animae,

351 353 511 385 Securitas
537 353 672 393 interna,
1040 351 1152 382 Vinum
1180 350 1282 381 dulcis
1308 348 1436 389 amoris,

303 401 446 433 Iucunda
472 406 507 432 tu
532 400 748 439 tranquillitas
990 399 1016 431 Ο
1042 399 1146 430 amnis
1171 397 1403 435 amoenissime‚

303 449 552 489 Tranquillaque
577 447 769 487 iucunditas,
991 445 1149 478 Reficiens
1176 444 1360 485 plenissime

352 497 434 535 Iesu,
462 500 642 528 monstrans
669 503 818 534 superna.
1035 492 1192 534 Spiritum
1217 492 1380 526 amatoris.

224 584 280 616 28.
310 580 398 616 Nihil
424 587 459 614 ut
484 583 572 614 Iesus
598 582 708 612 intime
907 581 962 613 31.
990 577 1102 613 Multis
1128 578 1232 609 modis
1257 576 1430 616 alloqueris

354 631 456 662 Menti
482 634 587 670 potest
613 630 727 669 inesse,
1038 627 1107 668 Tu,
1134 627 1207 657 Iesu
1232 633 1360 664 sponse,
1387 627 1524 654 mentem

307 679 454 710 Internus
480 686 614 717 sponsus
640 676 765 707 animae
992 675 1138 706 internos
1164 681 1275 704 sensus
1300 672 1419 712 aperis,

350 725 439 758 Dans
466 725 587 756 cunctis
614 724 708 755 rebus
735 731 822 762 esse;
1038 722 1107 753 Hos
1124 723 1284 753 monstras
1297 724 1328 750 te
1342 723 1524 759 regentem3

304 773 328 805 O
356 774 438 813 lesu,
466 781 578 812 regens
603 772 734 813 optime,
989 769 1123 809 Quando
1159 776 1308 807 sponsam
1335 766 1524 807 ingrederis,

305 822 447 860 Regnum
475 829 594 860 parans
620 819 784 858 aptissime
992 817 1082 848 Tune
1107 825 1201 847 verus
1219 824 1354 854 sponsus
1373 814 1523 856 crederis,

353 869 455 901 Menti
481 878 499 900 a
525 872 555 898 te
582 875 759 906 possessae.
1040 867 1138 896 Amas
1165 867 1197 894 te
1224 862 1419 903 diligentem.

224 957 278 987 29.
307 951 367 986 Tui
395 956 466 986 Iesu
494 954 631 994 cognitio
911 953 966 984 32.
994 948 1128 984 Electae
1157 949 1352 981 desiderium

355 1002 449 1034 Clara
475 1006 568 1041 atque
595 1010 716 1033 serena.
1040 998 1155 1038 Menti,
1183 998 1264 1037 Iesu,
1292 996 1436 1028 infundis

307 1050 375 1081 Nec
401 1060 462 1081 non
489 1050 534 1080 tui
562 1049 692 1080 dilectio
992 1046 1156 1085 Dulceque
1181 1043 1383 1084 refrigerium

355 1098 477 1129 Totalis
504 1101 597 1136 atque
623 1096 719 1136 plena
1040 1094 1106 1125 Das
1133 1094 1165 1124 in
1191 1096 1223 1123 te
1248 1092 1468 1135 laetabundi83

309 1145 517 1185 Perfectaque
543 1144 653 1175 fruitio
993 1141 1144 1173 Mirabile
1170 1142 1357 1180 mysterium

308 1193 385 1224 Sunt
412 1194 524 1224 mentis
551 1191 699 1232 gloriatio
995 1190 1059 1221 Per
1084 1190 1155 1219 Iesu
1182 1188 1400 1227 magisterium

355 1241 507 1273 Caelestis
535 1244 564 1271 et
591 1248 733 1271 amoena.
1040 1236 1172 1277 sponsis
1183 1236 1526 1270 monstraturmundis.

547 1318 600 1349 33.
631 1313 669 1347 In
696 1315 768 1346 Iesu
793 1314 911 1345 sanctis
937 1313 1083 1345 omuibus

683 1363 799 1393 Verum
829 1363 923 1394 datur
948 1362 1099 1397 solamen,

635 1411 818 1442 Elector-um
845 1409 1023 1449 agminibus

684 1458 747 1489 Dat
774 1459 862 1489 Iesus
888 1466 1083 1497 recreamen,

639 1506 722 1537 Hinc
748 1506 858 1536 laudes
886 1515 954 1536 cuin
982 1504 1165 1537 honoribus

637 1554 776 1585 Maiores
798 1562 869 1585 cum
896 1553 1083 1585 minoribus.

684 1602 800 1633 Omnes
827 1602 978 1634 dicamus
1028 1602 1141 1633 Amen.

292 1677 410 1704 Collect.
433 1687 484 1704 ms.
501 1680 529 1704 S.
548 1677 653 1703 Albani
669 1677 819 1703 Treviren.
843 1685 918 1703 sace.
943 1675 985 1703 15.
1010 1674 1050 1711 [et
1074 1673 1138 1710 16.].
1155 1674 1223 1703 Cod.
1239 1676 1390 1703 Treviren.
1411 1674 1476 1703 228.
1493 1689 1531 1694 -

214 1714 261 1748 22,
279 1715 292 1743 1
309 1715 333 1741 Ο
347 1716 413 1742 Iesu
428 1716 545 1742 fontem.
562 1730 597 1733 ——
611 1714 656 1744 32,
674 1714 686 1741 1
705 1715 838 1742 caeleste
852 1715 1037 1742 desiderium.
1059 1729 1083 1732 —
1108 1715 1130 1739 Α
1142 1714 1381 1742 krostichon:
1406 1715 1448 1750 „O
1462 1715 1530 1743 Iesu

212 1754 338 1786 Christe,
359 1754 486 1781 Verbum
509 1755 575 1786 Dei,
595 1758 626 1780 tu
649 1756 792 1780 memento
815 1752 898 1781 mei.“

708 1884 755 1914 33.
795 1884 839 1915 Ad
862 1884 1025 1916 Christum.

388 1976 413 2008 Ο
437 1976 542 2006 lumen
568 1983 688 2012 verum,
716 1974 854 2012 genitum
883 1975 923 2006 de
948 1975 1065 2006 lumine
1092 1984 1180 2014 vero,

391 2023 526 2064 Christe,
554 2023 613 2054 Dei
641 2022 742 2061 patris
769 2022 911 2060 verbum,
938 2023 1105 2063 sapientia,
1134 2023 1246 2058 virtus,

390 2070 467 2102 Cum
493 2071 635 2110 genitore
661 2074 714 2100 tuo
740 2078 802 2100 non
826 2078 907 2102 unus
933 2079 966 2101 es
993 2075 1023 2101 et
1050 2074 1155 2101 tamen
1182 2079 1288 2103 unum.

387 2118 501 2158 Sicque
526 2121 712 2149 coaeternus
736 2116 872 2156 genitori
898 2127 956 2149 nec
981 2118 1085 2149 minor
1109 2119 1190 2159 ipso,

323 2168 355 2198 5.
383 2166 456 2198 Una
481 2165 538 2197 sub
566 2166 685 2197 deitate
711 2165 844 2204 parique
871 2166 979 2205 vigens
1007 2166 1181 2198 dominatu.

387 2213 593 2245 Invariabilis
620 2217 651 2244 et
676 2211 904 2254 impalpabilis,
931 2214 1164 2248 immaculatus,

389 2262 502 2294 Omnia
528 2261 701 2302 complens,
726 2260 832 2291 omnia
858 2261 1009 2302 condens,
1038 2266 1152 2292 cuncta
1178 2261 1360 2301 gubernans

390 2310 563 2341 Pneumate
590 2318 659 2340 cum
685 2311 805 2346 sanem,
832 2313 904 2340 tuus
931 2313 980 2341 est
1005 2310 1059 2349 qui
1085 2318 1185 2341 nexus
1211 2313 1329 2344 amoris

391 2357 434 2389 Et
459 2357 572 2398 patris,
599 2356 764 2388 amborum
791 2355 931 2398 dilectio,
958 2366 1088 2398 compar
1112 2357 1249 2400 utrique,

306 2405 364 2438 10.
392 2405 574 2438 Procedens
601 2404 641 2436 ab
667 2408 801 2444 utroque
827 2405 920 2436 simul
947 2405 1133 2447 pariterque
1157 2404 1324 2450 benignus,
