1651 2680
700 100 956 135 —194-

607 278 668 310 146.
710 280 752 311 De
773 279 870 310 Beata
890 279 991 311 Maria
1011 279 1048 310 V.

202 391 259 422 la.
295 392 391 425 Area,
890 387 950 420 lb.
980 389 1098 426 Aurea,

296 438 409 473 Rosea,
982 435 1097 474 Turea,

297 485 395 516 Vinea
982 483 1102 514 Mellea

343 532 485 570 Poderis,
1030 530 1192 569 Nasceris,

295 580 435 618 scirpea,
699 577 706 580 “
980 578 1141 615 Gemmea,

296 627 415 667 Vitrea,
982 626 1110 662 Lactea,

296 677 430 717 Laurea,
982 674 1134 713 Myrthea

343 723 491 754 Aetheris
1031 721 1162 761 Superis

345 771 412 801 Lux
440 771 562 802 miseris
1030 769 1072 801 Et
1097 768 1210 801 inferis

342 819 515 852 Assereris,
1030 817 1214 849 Extolleris.

592 914 646 946 lc.
681 915 758 946 Olea

682 963 812 998 Iudaea,

683 1010 789 1041 Iessea

727 1056 866 1094 Diceris,

680 1105 729 1136 Tu
755 1104 815 1136 dea

683 1153 795 1189 Nivea,

684 1200 767 1231 Laus
790 1207 870 1239 mea,

730 1246 858 1283 Aderis‚

728 1296 814 1333 Quae
839 1292 987 1330 flecteris,

729 1342 811 1373 Dum
838 1341 991 1380 posceris.

204 1439 263 1469 fla.
298 1437 493 1468 Erravimus.
892 1435 952 1468 2b,
985 1434 1047 1465 Sed
1075 1435 1227 1473 gemimus

301 1484 502 1516 Peccavimus
985 1481 1027 1514 Et
1052 1481 1200 1523 petimus,

299 1532 341 1563 Et
371 1531 535 1562 Dominum
562 1530 760 1567 offendimus,
986 1529 1030 1562 Ut
1056 1531 1244 1561 emundetur
1270 1529 1403 1571 animus,

300 1578 339 1611 Id
364 1578 486 1620 luimus7
986 1577 1067 1609 Nam
1092 1578 1236 1616 serimus,

301 1626 390 1665 Quod
417 1627 556 1663 lusimus,
985 1626 1072 1664 Quod
1098 1624 1242 1662 fecimuS‚

300 1674 369 1705 Hoc
399 1673 518 1712 bravio,
555 1673 628 1704 dum
653 1674 807 1704 currimus
986 1672 1049 1703 Sed
1075 1673 1115 1703 ad
1142 1678 1268 1712 portum
1286 1672 1494 1713 confugimus,

300 1723 335 1754 In
363 1722 476 1760 stadio,
505 1720 676 1753 deficimus.
986 1721 1067 1753 Dum
1095 1721 1248 1762 virginem
1274 1721 1474 1760 requirimus.

592 1818 649 1848 20.
684 1817 751 1848 Rex
778 1817 924 1855 optimus,

685 1864 866 1897 Altissimus

686 1913 721 1944 In
748 1913 807 1943 hac
833 1918 943 1952 regnat
967 1913 1170 1953 humillimus,

686 1962 753 1999 Quo
779 1960 945 2001 surgimus,

685 2009 752 2047 Quo
775 2007 920 2046 vivimus,

685 2056 751 2094 Quo
776 2059 915 2086 veterem
941 2055 1083 2087 exuimus

685 2104 801 2141 Adam,
828 2113 943 2136 novum
970 2102 1140 2136 induimus,

205 2203 264 2235 3a.
302 2201 391 2234 Plebi
418 2202 560 2236 miserae.
895 2200 958 2234 3b.
990 2199 1094 2232 Prolis
1120 2198 1241 2231 liberae

304 2250 428 2288 Lapsae
453 2253 581 2287 temere,
989 2246 1118 2285 Parens,
1147 2247 1250 2279 nitere

305 2298 382 2329 Sere
988 2294 1071 2326 Vere

304 2346 442 2384 Propere
988 2342 1138 2375 Reddere

304 2394 423 2426 Nectar
447 2393 488 2426 ab
509 2391 647 2425 aethere.
988 2390 1094 2422 Vitam
1119 2400 1178 2430 pro
1203 2400 1343 2426 munere.
