1651 2680
850 80 871 94 ἰι
904 87 906 90 ,

662 73 674 78 ,,
721 74 779 130 —4
817 84 864 142 ἐς)

872 99 882 137 '¹
903 119 906 122 Δ
936 112 1014 142 ἐᾷ’,
1055 118 1059 122 .

335 205 365 236 3.
393 202 536 241 Corpore
561 200 710 244 formoso,
737 202 796 234 sed
819 205 925 234 mente
948 201 1051 242 magis
1075 207 1231 240 generoso

439 248 552 280 Flores
577 252 693 286 aetate,
719 247 834 281 floride
857 249 958 289 virgo,
982 247 1090 280 flores.

394 296 429 327 In
457 304 607 336 superum
633 296 743 335 requie
768 297 862 336 pulsa
888 296 1025 336 caligine
1048 295 1165 336 nitens,

439 342 543 375 Effice
567 351 618 374 me
643 343 767 375 meritis
792 347 917 384 tempus
942 343 975 375 in
1001 351 1094 385 omne
1119 350 1234 374 meum.

330 452 361 482 4.
391 450 455 480 vas
481 448 630 480 redolens
656 458 790 490 morum,
818 449 901 480 malo
926 449 992 480 scie
1017 455 1137 488 ponere
1162 447 1274 490 lorum,

439 496 563 528 Nomen
589 496 629 528 ab
657 501 789 528 aeterno
815 497 1004 536 posteritate
1031 495 1149 536 ferens,

391 545 442 576 Ad
469 548 523 576 tua
548 553 598 575 me
624 543 738 576 fluctus
764 546 943 585 proiectum
972 545 1069 576 litora
1093 546 1222 582 portent

438 592 673 632 Occurramque
699 593 800 624 oculis
823 593 1033 624 intumulatus
1059 591 1132 623 tuis.

269 698 389 726 Collect.
416 706 470 724 ms.
491 697 682 724 Mellicense‘?
710 705 786 724 saec.
815 696 859 724 15.
900 697 971 724 Cod.
997 696 1144 724 Mellicen.
1171 692 1237 722 962.
1257 709 1295 714 —
1315 692 1348 727 3,
1375 693 1394 722 2
1415 697 1514 723 aetate

192 738 275 773 virgo
303 736 423 764 floridus
448 736 542 762 flores.
565 750 601 754 —
621 735 792 762 Ausserdein
824 735 900 762 noch
921 736 992 762 zwei
1014 731 1156 763 Gediehte
1177 734 1208 760 in
1227 734 1440 767 Hexametem,
1466 734 1513 761 die

192 776 248 802 den
260 776 397 810 Hymnen
418 774 494 801 noch
515 775 644 809 weniger
664 774 864 806 beizuzfihlen,
887 773 1002 800 endlich
1018 775 1082 800 eine
1097 772 1243 808 Epistula,
1265 771 1360 800 Gebet
1374 773 1405 799 in
1421 773 1514 800 Brief-

193 815 276 846 form,
294 812 528 841 unterzeichnct:
558 813 802 845 „Vincentius
829 812 871 839 de
892 811 1058 847 Ruppe“;
1080 812 1119 837 ist
1139 819 1170 837 er
1190 809 1265 837 auch
1286 810 1440 838 Verfasser
1460 811 1512 838 der

192 852 335 880 Gedichte
342 854 356 879 ‘?

614 991 681 1022 259.
724 991 764 1021 De
786 1000 808 1019 s.
832 989 914 1030 Lupo
935 989 1090 1021 Trecensi.

597 1103 674 1139 Ave,
701 1099 830 1139 praesul
856 1099 1043 1139 honestatis,

594 1148 691 1179 Pater
716 1156 848 1186 magnae
874 1147 1064 1189 sanctitatis,

594 1195 709 1227 Sancte
735 1194 834 1236 Lupe,
862 1194 912 1225 vir
935 1193 1109 1235 laudande,

593 1242 672 1275 Orbi
695 1243 754 1272 toti
779 1242 1006 1283 praedicande,

592 1291 652 1328 Qui
678 1290 735 1320 das
761 1289 861 1328 lapsis
886 1289 1077 1328 relevamen,

592 1338 639 1368 Tu
664 1346 724 1377 pro
749 1337 840 1368 nobis
865 1337 1039 1378 intercede,

593 1385 638 1418 Ut
663 1385 793 1416 caelesti
819 1394 876 1416 nos
901 1385 1049 1416 mercede

594 1432 681 1463 Ditet
707 1432 794 1463 Deus
821 1441 890 1463 cum
917 1432 1018 1464 beatis

593 1480 700 1519 Regno
726 1489 801 1512 suae
829 1481 995 1513 claritatis·

271 1586 350 1611 Orat.
378 1593 428 1609 ms.
456 1583 640 1616 Trecense(?)
666 1592 740 1610 saec.
772 1582 815 1610 15.
860 1584 930 1611 Cod.
959 1585 1053 1620 Capit.
1076 1583 1254 1620 Strigonien.
1275 1585 1347 1612 Mss.
1370 1586 1423 1617 ΙΙΙ,
1448 1585 1511 1614 172.

619 1764 685 1793 260.
728 1764 768 1794 De
789 1764 897 1794 sancto
919 1763 1088 1795 Lnthardo.

393 1870 527 1902 Sanctus
552 1871 749 1911 LutharduS.
777 1872 877 1912 regali
901 1875 1068 1904 stemmate
1093 1876 1198 1913 natus,

391 1918 518 1950 Christo
543 1919 686 1959 servivit,
715 1920 805 1950 cuius
830 1924 1004 1960 praecepta
1028 1919 1158 1952 subivit.

392 1967 525 1998 Pectore
551 1967 666 1998 devoto
692 1967 870 2008 prudenter
897 1969 1056 2008 cordeque
1079 1972 1146 1999 toto

391 2014 451 2045 Hic
478 2014 566 2046 dives
590 2015 709 2046 mundo
736 2016 872 2054 proiecit
899 2016 1004 2048 dulcia
1029 2015 1150 2047 mundi.

329 2066 359 2095 5.
388 2062 490 2093 Parva
513 2063 641 2102 quidem
667 2067 796 2094 terrena
820 2067 922 2102 putat,
950 2063 1102 2095 caelestia
1127 2067 1271 2103 captans,

389 2109 492 2141 Tanto
519 2109 695 2142 feliciorem
721 2119 756 2142 se
781 2110 922 2150 probans
948 2120 986 2142 ac
1011 2110 1213 2151 nobiliorem,

387 2156 474 2188 Dans
500 2163 683 2189 constanter
707 2167 800 2198 opem
826 2158 1049 2198 languentibus
1075 2161 1171 2198 atque
1200 2160 1346 2195 salutem.

389 2204 414 2236 Ο
441 2205 621 2237 venerande
647 2214 762 2245 comes,
790 2215 943 2238 conserva
968 2211 1000 2238 te
1025 2210 1225 2238 venerantes.

389 2252 524 2291 Caelica,
553 2253 690 2291 Christe,
718 2253 782 2284 tuis
805 2253 859 2293 qui
883 2259 1030 2294 praestas
1055 2255 1198 2294 praemia
1220 2258 1354 2301 sanctis,

303 2301 357 2333 10.
385 2300 519 2340 Protegc
544 2301 703 2333 Luthardi
727 2305 916 2333 venerantes
943 2301 1028 2334 festa
1052 2301 1151 2334 beati.

270 2406 350 2433 Orat.
373 2413 424 2432 ms.
448 2403 609 2440 Campense
631 2405 701 2432 anni
724 2402 806 2433 1462.
847 2405 917 2433 Cod.
939 2403 1155 2434 Darmstadien.
1177 2403 1243 2434 521.
