1651 2680
736 64 971 100 -72-

626 161 687 193 Ad
722 160 1069 205 Completorinm.

207 265 237 298 1.
267 264 404 303 Christe,
431 267 540 296 nostra
565 265 754 306 redemptio,

264 314 364 344 Amor
389 315 420 343 et
444 313 651 354 exspectatio,

265 360 363 402 Deus,
389 361 532 392 salvator
556 361 677 403 populi,

267 408 370 440 Homo
396 409 426 440 in
454 407 516 439 fine
541 409 670 447 saeculi,

893 268 924 299 2.
952 266 1024 299 Non
1050 276 1089 300 ex
1116 268 1202 300 virili
1227 269 1359 307 semine,

952 314 1016 347 Sed
1040 316 1176 355 mystico
1201 315 1385 357 spiramine,

953 362 999 395 Ut
1022 364 1173 403 parvulos
1199 372 1256 395 nos
1283 363 1443 403 subleves,

953 409 1030 442 Tam
1055 411 1186 452 grandis
1203 420 1323 451 parvus
1341 409 1446 443 factus
1465 419 1511 444 eS.

636 505 668 537 3.
695 503 768 536 Tibi
794 503 919 536 Mariae
943 503 1021 539 filio.

264 597 344 624 Orat.
372 607 423 624 me.
455 605 529 624 saec.
558 596 602 624 15.
645 596 715 625 Cod.
736 597 883 624 Labacen.
904 596 951 625 45.
978 612 1016 616 —
1038 598 1089 625 Ad
1117 600 1274 626 Primam
1294 597 1328 631 3,
1359 598 1373 626 1
1397 600 1510 628 Mariae

188 635 249 663 filio
271 645 363 672 gegen
385 636 439 663 den
462 636 554 662 Reim.
576 650 612 653 —
634 636 684 662 Ad
710 635 848 663 Nonam
870 634 895 668 2,
916 635 935 663 4
955 636 996 663 Te
1017 636 1098 664 fehlt.

459 814 507 844 47.
547 814 654 846 Oratio
676 814 715 845 ad
737 814 905 854 parvulum
926 815 1027 847 lesum
1048 815 1232 846 lactantem.

421 924 479 963 Qui
506 924 626 963 gremio
652 923 765 955 matris
792 923 927 961 resides,
954 924 1113 963 sapientia.
1139 924 1252 964 patris,

422 970 583 1004 Uberibus
609 972 709 1002 sacris
731 971 858 1013 laetate,
887 972 962 1003 Iesu
987 972 1049 1014 pie,
1077 972 1198 1011 matris,

423 1019 534 1050 Hostia
563 1027 638 1050 vera
665 1019 775 1058 patris,
804 1027 861 1051 rex
887 1019 976 1059 caeli,
1004 1029 1059 1051 vas
1086 1019 1225 1059 deitatis,

423 1067 493 1098 Dux
519 1066 641 1105 patriae
668 1071 697 1098 et
724 1067 824 1107 pacis,
850 1065 919 1106 flos,
947 1065 1070 1099 fructus
1098 1068 1302 1108 virginitatis,

367 1116 397 1146 5.
427 1114 540 1145 Munus
568 1113 660 1146 dulce
687 1115 775 1154 satis,
803 1115 859 1146 lux
886 1115 1007 1154 mundi,
1035 1114 1106 1146 fons
1132 1116 1272 1158 pietatis,

422 1162 476 1193 Me
503 1171 636 1202 superae
663 1162 778 1202 gentis,
805 1171 932 1203 quaeso,
960 1163 1115 1202 coniunge
1142 1163 1254 1196 beatis.

265 1256 424 1283 collectan.
461 1265 513 1282 ms.
545 1258 647 1283 incert.
676 1258 780 1291 origin.
810 1265 886 1285 saec.
918 1256 960 1284 15.
1012 1258 1083 1285 Cod.
1113 1259 1257 1286 Oxonien.
1287 1259 1397 1287 Canon.
1425 1260 1508 1288 Misc.

187 1291 252 1321 523.
274 1309 310 1313 —
331 1294 348 1319 o·
372 1296 485 1330 superis
507 1295 612 1330 gentis.
636 1309 670 1314 —
692 1295 841 1322 Abschrift
862 1304 919 1322 von
940 1296 1011 1323 Rev.
1034 1298 1071 1323 H.
1093 1297 1133 1323 M.
1155 1298 1322 1325 Bannister.

627 1475 676 1505 48.
717 1474 761 1505 Ad
784 1475 883 1506 lesum
904 1475 1070 1507 Infantem.

205 1581 236 1615 1.
266 1582 291 1614 O
314 1582 498 1622 praedulcis
524 1583 668 1624 parvule,

310 1638 390 1670 puer
416 1631 483 1662 sine
508 1632 589 1671 pari,

265 1678 393 1719 Precor,
421 1682 455 1709 ut
481 1680 647 1717 permittas
672 1687 722 1710 me

310 1726 349 1757 de
375 1729 406 1756 te
434 1727 602 1765 consolari,

263 1773 367 1805 Pedes
393 1778 464 1806 tuos
491 1774 642 1814 lambere,

306 1830 419 1853 manus
445 1823 584 1854 osculari

260 1870 309 1900 Ac
336 1869 473 1901 hilarato
499 1871 595 1902 corde

308 1921 412 1949 tecum
438 1918 617 1951 iueundan'.

200 2025 232 2055 2.
260 2022 285 2054 Ο
313 2026 438 2054 creator
463 2023 601 2055 omnium

309 2070 443 2110 fonsque
467 2071 608 2112 pietatis,

261 2118 337 2157 Quis
364 2118 423 2149 tibi
450 2119 609 2152 consuluit

308 2166 354 2198 sic
379 2169 411 2197 te
443 2167 520 2198 dare
545 2167 645 2207 gratis

260 2213 372 2253 Nobis,
401 2215 461 2246 nisi
488 2215 657 2246 vehemens

306 2262 404 2295 ardor
430 2263 574 2295 caritatis

893 1586 923 1619 3.
950 1585 1022 1617 Hoc
1047 1586 1173 1618 ardoris
1199 1587 1322 1619 calculo

998 1634 1078 1666 velis
1104 1643 1154 1665 me
1179 1635 1292 1675 ignire,

951 1680 995 1713 Ut
1020 1682 1138 1714 amoris
1165 1683 1294 1715 stimulo

998 1734 1071 1769 post
1096 1733 1128 1761 te
1154 1731 1274 1770 possim
1300 1731 1358 1770 ire,

950 1776 999 1809 Ne
1024 1779 1204 1817 peccaton's
1230 1780 1345 1818 poculo

998 1826 1057 1857 sim
1083 1825 1168 1858 filius
1193 1828 1272 1866 irae,

952 1872 1015 1905 Sed
1043 1874 1173 1906 caelesti
1201 1873 1323 1908 ferculo

999 1921 1118 1961 possim
1144 1932 1195 1955 me
1220 1924 1353 1957 nutrire.

915 2052 921 2059 .
949 2025 975 2057 Ο
1002 2026 1075 2059 Iesu
1102 2027 1297 2068 dulcissime,

998 2074 1087 2108 cibus
1113 2076 1275 2117 salutaris,

948 2120 1008 2160 Qui
1034 2123 1080 2154 sic
1105 2123 1197 2156 nobis
1223 2124 1335 2157 intime

997 2170 1095 2203 tribui
1123 2171 1275 2215 dignaris,

950 2217 1039 2250 Mala
1064 2222 1175 2251 nostra
1200 2219 1345 2260 deprime

997 2264 1125 2298 fletibus
1150 2269 1268 2300 amaris

949 2313 994 2345 Et.
1018 2314 1151 2347 affectus
1174 2316 1335 2357 imprime,

998 2362 1112 2402 quibus
1139 2363 1326 2399 declararis.
