1651 2680
756 110 985 145 ..ΞΟ-

293 208 411 236 Collect.
440 215 491 233 ms.
513 207 543 233 S.
563 206 718 233 Trinitatis
747 206 777 232 in
798 205 941 233 Belliloco
963 213 1039 233 saec.
1063 203 1183 234 10—12.
1205 206 1276 234 Cod.
1297 204 1435 231 Vatican.
1456 203 1535 237 Reg.

213 245 277 273 243.
307 247 370 273 add.
399 253 472 272 saec.
496 242 538 271 12.
560 244 594 270 A.
616 257 652 262 —
674 240 755 270 Orat.
778 252 830 270 ms.
850 243 1037 271 Franciscan.
1058 244 1155 272 Germ.
1176 252 1252 272 saec.
1277 241 1320 270 14.
1341 242 1380 268 in.
1402 239 1531 274 (Privat-

214 285 492 350 bevqlt{gdB'Matut
522 319 592 346 fehlt
614 319 646 346 B.
667 333 704 337 —
726 319 775 346 Ad
805 319 958 347 Laudes.
986 319 1017 354 1,
1047 319 1059 348 1
1081 321 1200 347 trinitas
1223 321 1312 347 Deus,
1334 319 1366 345 B.
1388 330 1424 335 --
1450 313 1483 347 27
1515 312 1531 341 1

216 360 408 387 immutabilis
436 359 466 384 B.
491 371 525 375 —
547 357 580 389 3,
608 356 626 384 4
646 355 821 392 Reprobatis
847 358 1020 386 scelestibus
1041 360 1073 386 B.
1098 373 1129 376 --
1154 357 1186 390 5,
1218 356 1231 385 1
1261 359 1362 384 sancta
1389 354 1470 381 fehlt.
1495 366 1528 371 —

214 400 263 425 Ad
292 400 460 425 Primam.
481 395 513 427 2,
542 395 600 421 10
622 395 694 422 fehlt
716 396 746 422 B.
769 409 804 413 —
827 394 858 427 2,
886 395 904 423 4
925 405 978 424 nos
999 397 1073 424 fehlt
1094 397 1126 423 Α.
1148 410 1185 415 ——
1206 394 1238 427 3,
1270 394 1282 422 1
1304 393 1416 422 Munda
1439 399 1492 418 nos
1513 398 1532 418 a

218 438 248 464 Β,
273 451 308 455 -
329 436 354 469 3,
375 434 393 461 4
414 443 477 460 cum
499 434 676 460 caelestibus
699 435 731 460 Β.
751 447 789 452 -
810 434 915 460 Doxol.
938 435 968 461 in
990 435 1026 462 B:

669 492 714 517 Sit
735 491 799 517 laus
821 492 897 526 patri
919 500 982 518 cum
1005 492 1074 525 filio,

668 530 774 555 Sancto
797 529 883 555 simul
905 531 1057 564 paraclito,

668 567 819 601 Nobisque
840 569 938 594 mittat
958 568 1036 595 filius

668 605 820 631 Chai-isaia
841 607 935 632 sancti
956 607 1086 641 spiritns.

288 665 337 692 Ad
364 664 539 691 Tertiam.
570 664 625 688 Str.
652 661 662 688 1
686 661 757 688 fehlt
778 663 810 688 B.
831 677 869 680 -
889 661 922 695 2,
954 662 965 689 1
988 663 1012 689 Ο
1033 662 1105 690 fehlt
1126 663 1158 688 1³.
1180 675 1217 679 —
1239 660 1270 692 2,
1298 658 1315 686 4
1337 668 1383 686 res
1405 659 1534 686 miseras

214 705 245 730 Β.
270 718 305 722 -
326 702 352 733 3,
374 701 391 728 4
412 702 517 736 gaudet
540 700 612 726 caeli
636 701 667 726 11.
689 715 722 718 ——
751 698 778 730 4,
804 699 815 726 1
839 701 969 728 colimus.
994 702 1027 728 Β.
1043 714 1079 720 -
1099 699 1126 731 4,
1150 698 1167 726 2
1188 699 1332 725 credimus
1357 697 1391 724 B.
1416 710 1450 714 -
1475 697 1525 724 Ad

213 743 360 768 Nonam.
385 735 424 771 1‚'
443 739 455 766 1
478 740 521 765 De
544 742 623 773 patre
645 739 677 764 B.
699 752 736 756 —
760 738 782 769 l,
806 736 823 764 2
843 740 974 774 utrisque
995 740 1027 766 B.
1050 753 1086 758 ——
1107 736 1133 769 2,
1156 737 1173 764 2
1195 738 1327 763 remissio
1349 736 1382 762 B.
1404 749 1439 753 —
1462 733 1490 767 2,
1510 733 1529 763 3

214 781 372 814 redempti«)
402 780 433 804 B.
462 792 498 795 —
525 777 572 803 Ad
604 777 799 811 Vesperas.
826 774 856 808 2,
887 776 905 803 4
933 777 972 804 Et
999 779 1078 804 vitae
1107 778 1145 802 sit
1172 776 1204 802 Β.
1227 789 1263 792 -
1284 772 1315 805 3,
1341 771 1359 800 3
1387 774 1471 800 Intus
1499 776 1530 801 et

213 819 339 844 exterius
364 818 394 843 B.
415 829 451 833 -—-
472 813 505 847 3,
527 814 545 841 4
567 818 665 841 sancte
688 816 807 848 spiritus
829 815 861 841 B.
884 831 919 834 —
940 814 966 847 4,
989 813 1006 841 2
1026 816 1116 849 dilige
1139 815 1170 840 11.
1195 829 1230 832 —-
1252 812 1278 843 4,
1300 810 1318 839 3
1339 812 1416 847 elige
1438 813 1470 838 Β.
1490 826 1530 831 --

213 855 237 883 4.
262 854 278 881 4
300 856 404 889 collige
420 854 451 880 B,
470 869 506 872 —
528 852 553 883 5,
575 851 592 878 ‘2
615 853 730 879 bonitas
751 852 820 879 fecit
835 853 866 878 B.
891 868 921 870 —
946 852 971 884 5,
993 852 1010 880 3
1025 854 1069 880 Ad
1091 859 1169 879 tuam
1192 862 1244 878 nos
1266 851 1425 886 imaginem
1441 851 1473 877 B.
1490 865 1529 869 —

212 894 237 923 6,
262 893 273 920 1
297 895 370 920 Nam
393 891 469 927 quud
494 893 522 918 Η.
545 906 581 910 -
602 890 627 921 6,
649 889 666 917 3
687 891 768 917 Tunc
791 893 935 926 patienter
950 892 982 918 h'.
1005 907 1041 910 ——
1062 891 1111 918 Ad
1135 890 1439 925 Completorium.
1464 887 1488 920 1,
1509 887 1534 916 2

212 932 396 958 llluminator
425 930 582 955 hominnm.
606 930 636 955 13.
659 943 695 946 —
716 928 746 957 2,
773 928 790 955 2
812 930 845 955 111
871 933 898 955 te
925 933 994 956 vota
1015 929 1213 965 percompleat
1235 929 1267 954 B.
1289 942 1325 945 —
1346 926 1380 955 3,
1407 926 1420 954 1
1445 927 1527 955 salus

213 970 361 996 hominum
389 968 422 994 A.
451 983 487 986 —
514 966 546 994 3.
579 967 595 993 ’.Β
623 967 698 994 male
728 976 801 993 sana
827 968 859 993 B.
888 982 924 986 --
953 966 985 1000 3,
1008 968 1025 994 3
1052 967 1139 994 nobis
1168 968 1295 993 veniam.
1325 966 1357 992 B.
1387 980 1423 984 —
1450 964 1482 1000 3,
1510 965 1530 993 4

213 1018 241 1033 ss*
256 1008 388 1033 ›tifnrmi‹
410 1007 440 1032 B.
466 1020 499 1023 -

246 1017 253 1042 Ι
287 1047 389 1071 Dies-er
415 1045 522 1070 Cursus
554 1044 630 1070 steht
660 1052 712 1069 aus
742 1044 886 1077 jiingeren
914 1044 1142 1070 Handschriften
1169 1044 1201 1069 in
1228 1043 1366 1070 kiirzerer
1392 1043 1530 1080 Fassuug

211 1084 268 1110 und
291 1084 410 1109 ande-rer
431 1082 611 1115 Anordnung
631 1082 719 1108 sehon
743 1082 826 1108 Amal.
849 1082 941 1113 XXX,
968 1082 1034 1108 llff.
1076 1082 1133 1108 Die
1155 1082 1329 1117 Bedeutung
1349 1082 1400 1108 der
1423 1083 1535 1115 Quelle

210 1123 233 1148 Α
256 1119 321 1148 liess
344 1123 408 1148 eine
431 1120 660 1155 &Viederholuug
681 1120 848 1155 notweudig
869 1121 1049 1148 erscheineli.

580 1251 619 1280 12.
660 1251 773 1280 Cursus
795 1250 831 1281 (le
853 1253 963 1281 sancta
984 1250 1148 1281 Trinitate.

687 1321 747 1353 Ad
774 1322 1035 1353 Matutinum.

224 1419 253 1449 1.
281 1417 317 1448 In
345 1416 516 1450 matutinis,
542 1416 687 1456 Domine,

281 1465 362 1496 Duni
389 1463 448 1494 tibi
473 1473 527 1495 ore
549 1465 701 1503 canimus,

907 1418 939 1450 2.
966 1417 1019 1448 Ad
1045 1422 1076 1448 te
1103 1417 1142 1448 de
1168 1417 1238 1449 luce
1266 1418 1376 1458 vigilet

967 1465 1030 1497 Cor
1056 1468 1199 1497 nostrum
1227 1466 1409 1507 desideriis,

280 1511 470 1544 Caelestium
496 1511 688 1551 pinguedine

281 1560 357 1591 Mox
386 1559 547 1598 repleatur
572 1560 705 1591 animus.

966 1513 1002 1544 In
1028 1517 1060 1544 te
1084 1522 1172 1544 mens
1198 1518 1307 1546 nostra
1330 1515 1462 1555 iubiiet,

968 1561 1050 1592 Dum
1076 1564 1108 1592 te
1134 1561 1301 1594 laudamus
1327 1563 1435 1596 labiis.

598 1637 627 1668 3.
656 1636 720 1669 Uni
746 1636 890 1676 trinoque
916 1637 1052 1669 Domino

656 1683 703 1715 Sit
729 1684 923 1723 sempiterna
948 1685 1060 1727 gloria,

655 1731 712 1770 Qui
739 1732 835 1763 vitam
862 1733 930 1764 sine
956 1734 1091 1765 termino

656 1779 756 1810 Nobis
783 1779 878 1811 donet
904 1781 936 1812 in
962 1782 1077 1820 patria.

727 1884 788 1916 Ad
822 1885 999 1919 Laudes.

223 1960 254 1990 1.
280 1959 464 1999 Precamur,
490 1962 600 1990 sancta
626 1959 764 1999 trinitas,

281 2006 325 2037 Te
350 2007 480 2037 elevatis
506 2007 661 2047 manibus,

280 2054 425 2094 Veraque
451 2054 584 2093 simplex
612 2055 724 2095 deitas,

280 2101 406 2133 Nostris
432 2101 562 2133 intende
588 2103 746 2142 precibus.

220 2179 239 2208 [ἑκ

246 2203 252 2210 .
280 2177 305 2209 Ο
329 2178 382 2209 lux
408 2177 630 2220 inacessibilis,

279 2225 410 2257 Illustra
434 2235 491 2257 nos
517 2227 694 2268 perspicue,

278 2273 370 2304 Solus
394 2273 603 2313 invariabilis,

278 2321 431 2353 Conforta
456 2330 514 2353 nos
537 2322 675 2355 assidue.

907 1964 937 1996 3.
966 1964 1122 1996 Voluntas
1148 1969 1259 1998 nostra
1285 1967 1404 2006 cupiat,

965 2012 1058 2043 Mens
1084 2013 1257 2045 meditetur
1282 2015 1412 2056 iugiter,

965 2059 1011 2090 Te
1037 2069 1191 2092 summum
1219 2061 1334 2094 bonum
1359 2064 1466 2104 sapiat

966 2106 1157 2147 synderesis
1183 2110 1353 2145 veraciter.

906 2185 938 2215 4.
965 2183 990 2215 Ο
1016 2183 1115 2224 Deus,
1143 2184 1240 2216 decus
1265 2186 1402 2229 gloriae,

964 2231 989 2263 Ο
1015 2231 1101 2264 Deus
1129 2233 1337 2275 exercituum,

965 2278 1032 2311 Nos
1058 2280 1230 2312 benedicas
1256 2281 1364 2325 hodie,

964 2326 1032 2359 Nos
1057 2327 1148 2360 salva
1173 2328 1208 2360 in
1233 2335 1445 2370 perpetuum„

596 2402 627 2432 5.
655 2399 718 2432 Uni
744 2401 890 2442 trinoque
916 2402 1062 2438 Domino.
