<?xml version="1.0" encoding="UTF-8"?>
<!DOCTYPE html PUBLIC "-//W3C//DTD XHTML 1.0 Transitional//EN"
    "http://www.w3.org/TR/xhtml1/DTD/xhtml1-transitional.dtd">
<html xmlns="http://www.w3.org/1999/xhtml" xml:lang="en" lang="en">
 <head>
  <title>
</title>
<meta http-equiv="Content-Type" content="text/html;charset=utf-8" />
  <meta name='ocr-system' content='tesseract 3.04.00' />
  <meta name='ocr-capabilities' content='ocr_page ocr_carea ocr_par ocr_line ocrx_word'/>
</head>
<body>
  <div class='ocr_page' id='page_1' title='image "./analectahymnica46drevuoft/analectahymnica46drevuoft_0375.png"; bbox 0 0 1651 2680; ppageno 0'>
   <div class='ocr_carea' id='block_1_1' title="bbox 191 479 221 512">
    <p class='ocr_par' dir='ltr' id='par_1_1' title="bbox 191 479 221 512">
     <span class='ocr_line' id='line_1_1' title="bbox 191 479 221 512; baseline -0.067 0"><span class='ocrx_word' id='word_1_1' title='bbox 191 479 221 512; x_wconf 89' lang='lat'>1.</span> 
     </span>
    </p>
   </div>
   <div class='ocr_carea' id='block_1_2' title="bbox 189 701 208 731">
    <p class='ocr_par' dir='ltr' id='par_1_2' title="bbox 189 701 208 731">
     <span class='ocr_line' id='line_1_2' title="bbox 189 701 208 731; textangle 90"><span class='ocrx_word' id='word_1_2' title='bbox 189 701 208 731; x_wconf 73' lang='lat'>¹0</span> 
     </span>
    </p>
   </div>
   <div class='ocr_carea' id='block_1_3' title="bbox 692 83 957 120">
    <p class='ocr_par' dir='ltr' id='par_1_3' title="bbox 692 83 957 120">
     <span class='ocr_line' id='line_1_3' title="bbox 692 83 957 120; baseline -0.008 0"><span class='ocrx_word' id='word_1_3' title='bbox 692 103 742 110; x_wconf 94' lang='lat'><strong>—</strong></span> <span class='ocrx_word' id='word_1_4' title='bbox 791 83 957 120; x_wconf 85' lang='lat'><strong>372-</strong></span> 
     </span>
    </p>
   </div>
   <div class='ocr_carea' id='block_1_4' title="bbox 542 180 1064 270">
    <p class='ocr_par' dir='ltr' id='par_1_4' title="bbox 542 180 1064 270">
     <span class='ocr_line' id='line_1_4' title="bbox 542 180 977 215; baseline -0.009 0"><span class='ocrx_word' id='word_1_5' title='bbox 542 183 595 215; x_wconf 88' lang='lat'>13.</span> <span class='ocrx_word' id='word_1_6' title='bbox 624 183 746 215; x_wconf 84' lang='lat' dir='ltr'>Parant</span> <span class='ocrx_word' id='word_1_7' title='bbox 771 180 977 213; x_wconf 85' lang='lat' dir='ltr'><strong>homicidium</strong></span> 
     </span>
     <span class='ocr_line' id='line_1_5' title="bbox 674 228 1064 270; baseline -0.008 -8"><span class='ocrx_word' id='word_1_8' title='bbox 674 229 852 262; x_wconf 85' lang='lat' dir='ltr'>Multarum</span> <span class='ocrx_word' id='word_1_9' title='bbox 877 228 1064 270; x_wconf 85' lang='lat' dir='ltr'>animarum,</span> 
     </span>
    </p>
   </div>
   <div class='ocr_carea' id='block_1_5' title="bbox 627 275 954 310">
    <p class='ocr_par' dir='ltr' id='par_1_5' title="bbox 627 275 954 310">
     <span class='ocr_line' id='line_1_6' title="bbox 627 275 954 310; baseline -0.009 0"><span class='ocrx_word' id='word_1_10' title='bbox 627 277 761 310; x_wconf 85' lang='lat' dir='ltr'>Utinam</span> <span class='ocrx_word' id='word_1_11' title='bbox 788 275 954 309; x_wconf 90' lang='lat' dir='ltr'>dimidium</span> 
     </span>
    </p>
   </div>
   <div class='ocr_carea' id='block_1_6' title="bbox 678 324 1041 358">
    <p class='ocr_par' dir='ltr' id='par_1_6' title="bbox 678 324 1041 358">
     <span class='ocr_line' id='line_1_7' title="bbox 678 324 1041 358; baseline -0.003 -1"><span class='ocrx_word' id='word_1_12' title='bbox 678 324 894 358; x_wconf 86' lang='lat' dir='ltr'>Reservarent</span> <span class='ocrx_word' id='word_1_13' title='bbox 917 324 1041 356; x_wconf 86' lang='lat' dir='ltr'>harum.</span> 
     </span>
    </p>
   </div>
   <div class='ocr_carea' id='block_1_7' title="bbox 248 478 644 660">
    <p class='ocr_par' dir='ltr' id='par_1_7' title="bbox 249 478 602 565">
     <span class='ocr_line' id='line_1_8' title="bbox 249 478 583 517; baseline -0.006 -7"><span class='ocrx_word' id='word_1_14' title='bbox 249 478 357 510; x_wconf 90' lang='lat' dir='ltr'>Omnis</span> <span class='ocrx_word' id='word_1_15' title='bbox 383 478 445 509; x_wconf 89' lang='lat' dir='ltr'>iam</span> <span class='ocrx_word' id='word_1_16' title='bbox 472 478 583 517; x_wconf 87' lang='lat' dir='ltr'>religio</span> 
     </span>
     <span class='ocr_line' id='line_1_9' title="bbox 291 525 602 565; baseline -0.006 -8"><span class='ocrx_word' id='word_1_17' title='bbox 291 527 377 557; x_wconf 87' lang='lat' dir='ltr'>Iacet</span> <span class='ocrx_word' id='word_1_18' title='bbox 403 526 434 557; x_wconf 93' lang='lat' dir='ltr'>in</span> <span class='ocrx_word' id='word_1_19' title='bbox 461 525 602 565; x_wconf 84' lang='lat' dir='ltr'>ecclipsi,</span> 
     </span>
    </p>

    <p class='ocr_par' dir='ltr' id='par_1_8' title="bbox 248 573 644 660">
     <span class='ocr_line' id='line_1_10' title="bbox 248 573 551 613; baseline -0.003 -8"><span class='ocrx_word' id='word_1_20' title='bbox 248 575 277 605; x_wconf 76' lang='lat' dir='ltr'>A</span> <span class='ocrx_word' id='word_1_21' title='bbox 304 573 392 604; x_wconf 90' lang='lat' dir='ltr'>cuius</span> <span class='ocrx_word' id='word_1_22' title='bbox 418 573 551 613; x_wconf 83' lang='lat' dir='ltr'>vestigio</span> 
     </span>
     <span class='ocr_line' id='line_1_11' title="bbox 295 620 644 660; baseline 0.006 -8"><span class='ocrx_word' id='word_1_23' title='bbox 295 621 366 653; x_wconf 89' lang='lat' dir='ltr'>Non</span> <span class='ocrx_word' id='word_1_24' title='bbox 392 621 544 652; x_wconf 87' lang='lat' dir='ltr'>recedunt</span> <span class='ocrx_word' id='word_1_25' title='bbox 571 620 644 660; x_wconf 91' lang='lat' dir='ltr'>ipsi.</span> 
     </span>
    </p>
   </div>
   <div class='ocr_carea' id='block_1_8' title="bbox 214 698 597 737">
    <p class='ocr_par' dir='ltr' id='par_1_9' title="bbox 214 698 597 737">
     <span class='ocr_line' id='line_1_12' title="bbox 214 698 597 737; baseline 0 -8"><span class='ocrx_word' id='word_1_26' title='bbox 214 723 220 729; x_wconf 95' lang='lat'>.</span> <span class='ocrx_word' id='word_1_27' title='bbox 251 699 310 737; x_wconf 78' lang='lat' dir='ltr'>Qui</span> <span class='ocrx_word' id='word_1_28' title='bbox 336 707 394 737; x_wconf 89' lang='lat' dir='ltr'>per</span> <span class='ocrx_word' id='word_1_29' title='bbox 419 698 597 730; x_wconf 80' lang='lat' dir='ltr'>saecularia</span> 
     </span>
    </p>
   </div>
   <div class='ocr_carea' id='block_1_9' title="bbox 250 745 703 873">
    <p class='ocr_par' dir='ltr' id='par_1_10' title="bbox 250 745 703 873">
     <span class='ocr_line' id='line_1_13' title="bbox 298 745 703 787; baseline -0.005 -9"><span class='ocrx_word' id='word_1_30' title='bbox 298 746 432 778; x_wconf 84' lang='lat' dir='ltr'>Summis</span> <span class='ocrx_word' id='word_1_31' title='bbox 459 746 575 777; x_wconf 83' lang='lat' dir='ltr'>cedunt</span> <span class='ocrx_word' id='word_1_32' title='bbox 602 745 703 787; x_wconf 86' lang='lat' dir='ltr'>bonis,</span> 
     </span>
     <span class='ocr_line' id='line_1_14' title="bbox 250 794 565 834; baseline -0.006 -8"><span class='ocrx_word' id='word_1_33' title='bbox 250 794 381 826; x_wconf 87' lang='lat' dir='ltr'>Calcant</span> <span class='ocrx_word' id='word_1_34' title='bbox 407 794 565 834; x_wconf 76' lang='lat' dir='ltr'>spiritalia</span> 
     </span>
     <span class='ocr_line' id='line_1_15' title="bbox 298 841 646 873; baseline 0 0"><span class='ocrx_word' id='word_1_35' title='bbox 298 842 360 873; x_wconf 88' lang='lat' dir='ltr'>Pro</span> <span class='ocrx_word' id='word_1_36' title='bbox 387 842 515 873; x_wconf 83' lang='lat' dir='ltr'>caducis</span> <span class='ocrx_word' id='word_1_37' title='bbox 543 841 646 873; x_wconf 80' lang='lat' dir='ltr'>donis.</span> 
     </span>
    </p>
   </div>
   <div class='ocr_carea' id='block_1_10' title="bbox 214 916 611 956">
    <p class='ocr_par' dir='ltr' id='par_1_11' title="bbox 214 916 611 956">
     <span class='ocr_line' id='line_1_16' title="bbox 214 916 611 956; baseline -0.005 -6"><span class='ocrx_word' id='word_1_38' title='bbox 214 941 222 950; x_wconf 87' lang='lat'><strong>.</strong></span> <span class='ocrx_word' id='word_1_39' title='bbox 252 918 337 956; x_wconf 85' lang='lat' dir='ltr'>Quae</span> <span class='ocrx_word' id='word_1_40' title='bbox 363 918 405 948; x_wconf 86' lang='lat' dir='ltr'>sit</span> <span class='ocrx_word' id='word_1_41' title='bbox 432 916 611 949; x_wconf 84' lang='lat' dir='ltr'>differentia</span> 
     </span>
    </p>
   </div>
   <div class='ocr_carea' id='block_1_11' title="bbox 251 965 585 1093">
    <p class='ocr_par' dir='ltr' id='par_1_12' title="bbox 251 965 585 1093">
     <span class='ocr_line' id='line_1_17' title="bbox 298 965 585 1007; baseline -0.003 -10"><span class='ocrx_word' id='word_1_42' title='bbox 298 965 414 997; x_wconf 80' lang='lat' dir='ltr'>Militis</span> <span class='ocrx_word' id='word_1_43' title='bbox 441 969 472 996; x_wconf 86' lang='lat' dir='ltr'>et</span> <span class='ocrx_word' id='word_1_44' title='bbox 498 966 585 1007; x_wconf 82' lang='lat' dir='ltr'>cleri,</span> 
     </span>
     <span class='ocr_line' id='line_1_18' title="bbox 251 1013 493 1052; baseline -0.004 -8"><span class='ocrx_word' id='word_1_45' title='bbox 251 1013 311 1044; x_wconf 91' lang='lat' dir='ltr'>Dei</span> <span class='ocrx_word' id='word_1_46' title='bbox 337 1013 493 1052; x_wconf 84' lang='lat' dir='ltr'>sapientia</span> 
     </span>
     <span class='ocr_line' id='line_1_19' title="bbox 299 1061 560 1093; baseline 0 0"><span class='ocrx_word' id='word_1_47' title='bbox 299 1062 409 1093; x_wconf 84' lang='lat' dir='ltr'>Potest</span> <span class='ocrx_word' id='word_1_48' title='bbox 433 1061 560 1093; x_wconf 88' lang='lat' dir='ltr'>intueri.</span> 
     </span>
    </p>
   </div>
   <div class='ocr_carea' id='block_1_12' title="bbox 253 1137 736 1311">
    <p class='ocr_par' dir='ltr' id='par_1_13' title="bbox 254 1137 736 1226">
     <span class='ocr_line' id='line_1_20' title="bbox 254 1137 567 1168; baseline -0.003 0"><span class='ocrx_word' id='word_1_49' title='bbox 254 1137 348 1168; x_wconf 84' lang='lat' dir='ltr'>Multi</span> <span class='ocrx_word' id='word_1_50' title='bbox 374 1137 468 1168; x_wconf 88' lang='lat' dir='ltr'>modo</span> <span class='ocrx_word' id='word_1_51' title='bbox 495 1137 567 1167; x_wconf 90' lang='lat' dir='ltr'>laici</span> 
     </span>
     <span class='ocr_line' id='line_1_21' title="bbox 299 1185 736 1226; baseline 0 -12"><span class='ocrx_word' id='word_1_52' title='bbox 299 1185 458 1215; x_wconf 85' lang='lat' dir='ltr'>Honestos</span> <span class='ocrx_word' id='word_1_53' title='bbox 483 1188 597 1225; x_wconf 84' lang='lat' dir='ltr'>gerunt</span> <span class='ocrx_word' id='word_1_54' title='bbox 622 1191 736 1226; x_wconf 80' lang='lat' dir='ltr'>mores,</span> 
     </span>
    </p>

    <p class='ocr_par' dir='ltr' id='par_1_14' title="bbox 253 1232 660 1311">
     <span class='ocr_line' id='line_1_22' title="bbox 253 1232 660 1263; baseline -0.002 0"><span class='ocrx_word' id='word_1_55' title='bbox 253 1232 306 1263; x_wconf 81' lang='lat' dir='ltr'>Sic</span> <span class='ocrx_word' id='word_1_56' title='bbox 332 1240 348 1262; x_wconf 91' lang='lat' dir='ltr'>e</span> <span class='ocrx_word' id='word_1_57' title='bbox 374 1240 526 1263; x_wconf 83' lang='lat' dir='ltr'>converso</span> <span class='ocrx_word' id='word_1_58' title='bbox 553 1232 660 1263; x_wconf 88' lang='lat' dir='ltr'>clerici</span> 
     </span>
     <span class='ocr_line' id='line_1_23' title="bbox 301 1279 611 1311; baseline 0 -1"><span class='ocrx_word' id='word_1_59' title='bbox 301 1279 397 1310; x_wconf 85' lang='lat' dir='ltr'>Fiunt</span> <span class='ocrx_word' id='word_1_60' title='bbox 425 1279 611 1311; x_wconf 66' lang='lat' dir='ltr'>deteriores</span> 
     </span>
    </p>
   </div>
   <div class='ocr_carea' id='block_1_13' title="bbox 221 1346 676 1384">
    <p class='ocr_par' dir='ltr' id='par_1_15' title="bbox 221 1346 676 1384">
     <span class='ocr_line' id='line_1_24' title="bbox 221 1346 676 1384; baseline -0.002 -6"><span class='ocrx_word' id='word_1_61' title='bbox 221 1371 228 1378; x_wconf 91' lang='lat'><strong>.</strong></span> <span class='ocrx_word' id='word_1_62' title='bbox 257 1346 349 1377; x_wconf 85' lang='lat' dir='ltr'>Nunc</span> <span class='ocrx_word' id='word_1_63' title='bbox 374 1349 505 1377; x_wconf 90' lang='lat' dir='ltr'>utuntur</span> <span class='ocrx_word' id='word_1_64' title='bbox 531 1346 676 1384; x_wconf 79' lang='lat' dir='ltr'>cingulis,</span> 
     </span>
    </p>
   </div>
   <div class='ocr_carea' id='block_1_14' title="bbox 256 1393 717 1521">
    <p class='ocr_par' dir='ltr' id='par_1_16' title="bbox 256 1393 717 1521">
     <span class='ocr_line' id='line_1_25' title="bbox 303 1393 639 1433; baseline -0.006 -8"><span class='ocrx_word' id='word_1_65' title='bbox 303 1394 460 1426; x_wconf 89' lang='lat' dir='ltr'>Gladiolis</span> <span class='ocrx_word' id='word_1_66' title='bbox 487 1399 517 1424; x_wconf 80' lang='lat' dir='ltr'>et</span> <span class='ocrx_word' id='word_1_67' title='bbox 544 1393 639 1433; x_wconf 82' lang='lat' dir='ltr'>peris,</span> 
     </span>
     <span class='ocr_line' id='line_1_26' title="bbox 256 1441 673 1480; baseline 0 -8"><span class='ocrx_word' id='word_1_68' title='bbox 256 1442 347 1479; x_wconf 74' lang='lat' dir='ltr'>Puto,</span> <span class='ocrx_word' id='word_1_69' title='bbox 374 1443 458 1480; x_wconf 80' lang='lat' dir='ltr'>quod</span> <span class='ocrx_word' id='word_1_70' title='bbox 484 1441 516 1472; x_wconf 87' lang='lat' dir='ltr'>in</span> <span class='ocrx_word' id='word_1_71' title='bbox 542 1442 673 1480; x_wconf 80' lang='lat' dir='ltr'>siugulis</span> 
     </span>
     <span class='ocr_line' id='line_1_27' title="bbox 302 1489 717 1521; baseline 0.005 -2"><span class='ocrx_word' id='word_1_72' title='bbox 302 1489 373 1520; x_wconf 87' lang='lat' dir='ltr'>Non</span> <span class='ocrx_word' id='word_1_73' title='bbox 400 1490 441 1519; x_wconf 91' lang='lat' dir='ltr'>sit</span> <span class='ocrx_word' id='word_1_74' title='bbox 467 1489 597 1520; x_wconf 88' lang='lat' dir='ltr'>multum</span> <span class='ocrx_word' id='word_1_75' title='bbox 624 1490 717 1521; x_wconf 88' lang='lat' dir='ltr'>aeris.</span> 
     </span>
    </p>
   </div>
   <div class='ocr_carea' id='block_1_15' title="bbox 224 1565 544 1605">
    <p class='ocr_par' dir='ltr' id='par_1_17' title="bbox 224 1565 544 1605">
     <span class='ocr_line' id='line_1_28' title="bbox 224 1565 544 1605; baseline -0.003 -8"><span class='ocrx_word' id='word_1_76' title='bbox 224 1589 232 1597; x_wconf 87' lang='lat'>.</span> <span class='ocrx_word' id='word_1_77' title='bbox 259 1565 324 1597; x_wconf 90' lang='lat' dir='ltr'>Ubi</span> <span class='ocrx_word' id='word_1_78' title='bbox 348 1570 395 1595; x_wconf 85' lang='lat' dir='ltr'>est</span> <span class='ocrx_word' id='word_1_79' title='bbox 421 1565 544 1605; x_wconf 79' lang='lat' dir='ltr'>religio,</span> 
     </span>
    </p>
   </div>
   <div class='ocr_carea' id='block_1_16' title="bbox 256 1613 626 1741">
    <p class='ocr_par' dir='ltr' id='par_1_18' title="bbox 256 1613 626 1741">
     <span class='ocr_line' id='line_1_29' title="bbox 310 1613 626 1646; baseline -0.006 0"><span class='ocrx_word' id='word_1_80' title='bbox 310 1613 372 1646; x_wconf 90' lang='lat' dir='ltr'>Ubi</span> <span class='ocrx_word' id='word_1_81' title='bbox 399 1618 444 1644; x_wconf 84' lang='lat' dir='ltr'>est</span> <span class='ocrx_word' id='word_1_82' title='bbox 472 1613 626 1645; x_wconf 74' lang='lat' dir='ltr'>tonsura?</span> 
     </span>
     <span class='ocr_line' id='line_1_30' title="bbox 256 1659 580 1693; baseline 0.003 -1"><span class='ocrx_word' id='word_1_83' title='bbox 256 1661 366 1693; x_wconf 88' lang='lat' dir='ltr'>Manet</span> <span class='ocrx_word' id='word_1_84' title='bbox 392 1661 423 1692; x_wconf 90' lang='lat' dir='ltr'>in</span> <span class='ocrx_word' id='word_1_85' title='bbox 451 1659 580 1693; x_wconf 79' lang='lat' dir='ltr'>fastidio</span> 
     </span>
     <span class='ocr_line' id='line_1_31' title="bbox 307 1709 607 1741; baseline 0.003 -1"><span class='ocrx_word' id='word_1_86' title='bbox 307 1709 493 1740; x_wconf 86' lang='lat' dir='ltr'>Animarum</span> <span class='ocrx_word' id='word_1_87' title='bbox 521 1718 607 1741; x_wconf 84' lang='lat' dir='ltr'>cura.</span> 
     </span>
    </p>
   </div>
   <div class='ocr_carea' id='block_1_17' title="bbox 223 1785 699 1824">
    <p class='ocr_par' dir='ltr' id='par_1_19' title="bbox 223 1785 699 1824">
     <span class='ocr_line' id='line_1_32' title="bbox 223 1785 699 1824; baseline -0.002 -7"><span class='ocrx_word' id='word_1_88' title='bbox 223 1810 230 1817; x_wconf 91' lang='lat'><strong><em>.</em></strong></span> <span class='ocrx_word' id='word_1_89' title='bbox 258 1786 333 1824; x_wconf 84' lang='lat' dir='ltr'>Quis</span> <span class='ocrx_word' id='word_1_90' title='bbox 360 1789 462 1824; x_wconf 74' lang='lat' dir='ltr'>potest</span> <span class='ocrx_word' id='word_1_91' title='bbox 491 1785 546 1816; x_wconf 82' lang='lat' dir='ltr'>has</span> <span class='ocrx_word' id='word_1_92' title='bbox 573 1785 699 1824; x_wconf 87' lang='lat' dir='ltr'>eripere</span> 
     </span>
    </p>
   </div>
   <div class='ocr_carea' id='block_1_18' title="bbox 259 1832 703 1969">
    <p class='ocr_par' dir='ltr' id='par_1_20' title="bbox 259 1832 703 1969">
     <span class='ocr_line' id='line_1_33' title="bbox 308 1832 703 1875; baseline 0 -10"><span class='ocrx_word' id='word_1_93' title='bbox 308 1835 337 1865; x_wconf 82' lang='lat' dir='ltr'>A</span> <span class='ocrx_word' id='word_1_94' title='bbox 364 1832 520 1864; x_wconf 83' lang='lat' dir='ltr'>morsibus</span> <span class='ocrx_word' id='word_1_95' title='bbox 545 1834 703 1875; x_wconf 87' lang='lat' dir='ltr'>luporum,</span> 
     </span>
     <span class='ocr_line' id='line_1_34' title="bbox 259 1881 637 1921; baseline 0 -9"><span class='ocrx_word' id='word_1_96' title='bbox 259 1882 326 1912; x_wconf 88' lang='lat' dir='ltr'>Iam</span> <span class='ocrx_word' id='word_1_97' title='bbox 352 1881 462 1921; x_wconf 82' lang='lat' dir='ltr'>incipit</span> <span class='ocrx_word' id='word_1_98' title='bbox 491 1882 637 1921; x_wconf 80' lang='lat' dir='ltr'>desipere</span> 
     </span>
     <span class='ocr_line' id='line_1_35' title="bbox 311 1929 661 1969; baseline 0.006 -8"><span class='ocrx_word' id='word_1_99' title='bbox 311 1929 460 1961; x_wconf 89' lang='lat' dir='ltr'>Sollertia</span> <span class='ocrx_word' id='word_1_100' title='bbox 486 1934 661 1969; x_wconf 86' lang='lat' dir='ltr'>pastorum.</span> 
     </span>
    </p>
   </div>
   <div class='ocr_carea' id='block_1_19' title="bbox 223 2006 757 2047">
    <p class='ocr_par' dir='ltr' id='par_1_21' title="bbox 223 2006 757 2047">
     <span class='ocr_line' id='line_1_36' title="bbox 223 2006 757 2047; baseline 0.002 -10"><span class='ocrx_word' id='word_1_101' title='bbox 223 2030 230 2037; x_wconf 95' lang='lat'>.</span> <span class='ocrx_word' id='word_1_102' title='bbox 259 2006 339 2038; x_wconf 88' lang='lat' dir='ltr'>Nam</span> <span class='ocrx_word' id='word_1_103' title='bbox 367 2007 495 2038; x_wconf 79' lang='lat' dir='ltr'>student</span> <span class='ocrx_word' id='word_1_104' title='bbox 523 2007 579 2039; x_wconf 90' lang='lat' dir='ltr'>has</span> <span class='ocrx_word' id='word_1_105' title='bbox 607 2007 757 2047; x_wconf 86' lang='lat' dir='ltr'>decipere</span> 
     </span>
    </p>
   </div>
   <div class='ocr_carea' id='block_1_20' title="bbox 257 2054 739 2185">
    <p class='ocr_par' dir='ltr' id='par_1_22' title="bbox 257 2054 739 2185">
     <span class='ocr_line' id='line_1_37' title="bbox 262 2054 648 2103; baseline 0.005 -18"><span class='ocrx_word' id='word_1_106' title='bbox 262 2102 268 2103; x_wconf 24' lang='lat'><em>⁷</em></span> <span class='ocrx_word' id='word_1_107' title='bbox 307 2054 445 2094; x_wconf 84' lang='lat' dir='ltr'>Quilibet</span> <span class='ocrx_word' id='word_1_108' title='bbox 472 2060 648 2094; x_wconf 72' lang='lat' dir='ltr'>raptorum,</span> 
     </span>
     <span class='ocr_line' id='line_1_38' title="bbox 257 2103 739 2144; baseline 0.002 -11"><span class='ocrx_word' id='word_1_109' title='bbox 257 2103 428 2142; x_wconf 77' lang='lat' dir='ltr'>Serpentes</span> <span class='ocrx_word' id='word_1_110' title='bbox 455 2107 527 2135; x_wconf 89' lang='lat' dir='ltr'>sunt</span> <span class='ocrx_word' id='word_1_111' title='bbox 554 2108 585 2134; x_wconf 90' lang='lat' dir='ltr'>et</span> <span class='ocrx_word' id='word_1_112' title='bbox 609 2103 739 2144; x_wconf 83' lang='lat' dir='ltr'>viperae</span> 
     </span>
     <span class='ocr_line' id='line_1_39' title="bbox 304 2151 632 2185; baseline 0.009 -4"><span class='ocrx_word' id='word_1_113' title='bbox 304 2151 438 2182; x_wconf 85' lang='lat' dir='ltr'>Desidia</span> <span class='ocrx_word' id='word_1_114' title='bbox 464 2155 632 2185; x_wconf 89' lang='lat' dir='ltr'>rectorum.</span> 
     </span>
    </p>
   </div>
   <div class='ocr_carea' id='block_1_21' title="bbox 258 2227 767 2412">
    <p class='ocr_par' dir='ltr' id='par_1_23' title="bbox 258 2227 767 2412">
     <span class='ocr_line' id='line_1_40' title="bbox 263 2227 612 2260; baseline 0 -2"><span class='ocrx_word' id='word_1_115' title='bbox 263 2227 336 2259; x_wconf 87' lang='lat' dir='ltr'>Plus</span> <span class='ocrx_word' id='word_1_116' title='bbox 362 2237 379 2259; x_wconf 82' lang='lat' dir='ltr'>a</span> <span class='ocrx_word' id='word_1_117' title='bbox 406 2227 612 2260; x_wconf 89' lang='lat' dir='ltr'>mercenariis</span> 
     </span>
     <span class='ocr_line' id='line_1_41' title="bbox 308 2273 767 2316; baseline -0.004 -9"><span class='ocrx_word' id='word_1_118' title='bbox 308 2276 496 2308; x_wconf 85' lang='lat' dir='ltr'>Laeduntur</span> <span class='ocrx_word' id='word_1_119' title='bbox 520 2284 613 2316; x_wconf 87' lang='lat' dir='ltr'>quam</span> <span class='ocrx_word' id='word_1_120' title='bbox 638 2285 658 2307; x_wconf 87' lang='lat' dir='ltr'>a</span> <span class='ocrx_word' id='word_1_121' title='bbox 683 2273 767 2314; x_wconf 86' lang='lat' dir='ltr'>lupis</span> 
     </span>
     <span class='ocr_line' id='line_1_42' title="bbox 258 2323 584 2365; baseline 0.003 -10"><span class='ocrx_word' id='word_1_122' title='bbox 258 2323 301 2355; x_wconf 84' lang='lat' dir='ltr'>Et</span> <span class='ocrx_word' id='word_1_123' title='bbox 331 2324 420 2356; x_wconf 83' lang='lat' dir='ltr'>falsis</span> <span class='ocrx_word' id='word_1_124' title='bbox 446 2324 584 2365; x_wconf 87' lang='lat' dir='ltr'>vicariis,</span> 
     </span>
     <span class='ocr_line' id='line_1_43' title="bbox 308 2373 605 2412; baseline 0 -8"><span class='ocrx_word' id='word_1_125' title='bbox 308 2373 341 2404; x_wconf 89' lang='lat' dir='ltr'>Si</span> <span class='ocrx_word' id='word_1_126' title='bbox 366 2373 478 2404; x_wconf 89' lang='lat' dir='ltr'>audire</span> <span class='ocrx_word' id='word_1_127' title='bbox 505 2373 605 2412; x_wconf 81' lang='lat' dir='ltr'>cupis.</span> 
     </span>
    </p>
   </div>
   <div class='ocr_carea' id='block_1_22' title="bbox 810 409 851 443">
    <p class='ocr_par' dir='ltr' id='par_1_24' title="bbox 810 409 851 443">
     <span class='ocr_line' id='line_1_44' title="bbox 810 409 851 443; baseline 0.049 -2"><span class='ocrx_word' id='word_1_128' title='bbox 810 409 851 443; x_wconf 90' lang='lat' dir='ltr'>V.</span> 
     </span>
    </p>
   </div>
   <div class='ocr_carea' id='block_1_23' title="bbox 877 476 933 510">
    <p class='ocr_par' dir='ltr' id='par_1_25' title="bbox 877 476 933 510">
     <span class='ocr_line' id='line_1_45' title="bbox 877 476 933 510; baseline 0.018 -1"><span class='ocrx_word' id='word_1_129' title='bbox 877 476 933 510; x_wconf 87' lang='lat'>10.</span> 
     </span>
    </p>
   </div>
   <div class='ocr_carea' id='block_1_24' title="bbox 876 697 932 730">
    <p class='ocr_par' dir='ltr' id='par_1_26' title="bbox 876 697 932 730">
     <span class='ocr_line' id='line_1_46' title="bbox 876 697 932 730; baseline 0 -1"><span class='ocrx_word' id='word_1_130' title='bbox 876 697 932 730; x_wconf 90' lang='lat'>11.</span> 
     </span>
    </p>
   </div>
   <div class='ocr_carea' id='block_1_25' title="bbox 881 917 934 948">
    <p class='ocr_par' dir='ltr' id='par_1_27' title="bbox 881 917 934 948">
     <span class='ocr_line' id='line_1_47' title="bbox 881 917 934 948; baseline 0 0"><span class='ocrx_word' id='word_1_131' title='bbox 881 917 934 948; x_wconf 90' lang='lat'>12.</span> 
     </span>
    </p>
   </div>
   <div class='ocr_carea' id='block_1_26' title="bbox 881 1137 935 1169">
    <p class='ocr_par' dir='ltr' id='par_1_28' title="bbox 881 1137 935 1169">
     <span class='ocr_line' id='line_1_48' title="bbox 881 1137 935 1169; baseline 0 0"><span class='ocrx_word' id='word_1_132' title='bbox 881 1137 935 1169; x_wconf 88' lang='grc'>13.</span> 
     </span>
    </p>
   </div>
   <div class='ocr_carea' id='block_1_27' title="bbox 887 1347 941 1380">
    <p class='ocr_par' dir='ltr' id='par_1_29' title="bbox 887 1347 941 1380">
     <span class='ocr_line' id='line_1_49' title="bbox 887 1347 941 1380; baseline 0.037 -2"><span class='ocrx_word' id='word_1_133' title='bbox 887 1347 941 1380; x_wconf 85' lang='lat'>14.</span> 
     </span>
    </p>
   </div>
   <div class='ocr_carea' id='block_1_28' title="bbox 886 1567 942 1599">
    <p class='ocr_par' dir='ltr' id='par_1_30' title="bbox 886 1567 942 1599">
     <span class='ocr_line' id='line_1_50' title="bbox 886 1567 942 1599; baseline 0 0"><span class='ocrx_word' id='word_1_134' title='bbox 886 1567 942 1599; x_wconf 70' lang='lat'>15.</span> 
     </span>
    </p>
   </div>
   <div class='ocr_carea' id='block_1_29' title="bbox 889 1787 944 1819">
    <p class='ocr_par' dir='ltr' id='par_1_31' title="bbox 889 1787 944 1819">
     <span class='ocr_line' id='line_1_51' title="bbox 889 1787 944 1819; baseline -0.036 0"><span class='ocrx_word' id='word_1_135' title='bbox 889 1787 944 1819; x_wconf 89' lang='lat'>16.</span> 
     </span>
    </p>
   </div>
   <div class='ocr_carea' id='block_1_30' title="bbox 890 2007 944 2039">
    <p class='ocr_par' dir='ltr' id='par_1_32' title="bbox 890 2007 944 2039">
     <span class='ocr_line' id='line_1_52' title="bbox 890 2007 944 2039; baseline 0 -1"><span class='ocrx_word' id='word_1_136' title='bbox 890 2007 944 2039; x_wconf 84' lang='lat'>17.</span> 
     </span>
    </p>
   </div>
   <div class='ocr_carea' id='block_1_31' title="bbox 893 2225 947 2258">
    <p class='ocr_par' dir='ltr' id='par_1_33' title="bbox 893 2225 947 2258">
     <span class='ocr_line' id='line_1_53' title="bbox 893 2225 947 2258; baseline -0.019 0"><span class='ocrx_word' id='word_1_137' title='bbox 893 2225 947 2258; x_wconf 89' lang='grc'>18.</span> 
     </span>
    </p>
   </div>
   <div class='ocr_carea' id='block_1_32' title="bbox 960 473 1387 651">
    <p class='ocr_par' dir='ltr' id='par_1_34' title="bbox 961 473 1387 561">
     <span class='ocr_line' id='line_1_54' title="bbox 961 473 1387 514; baseline -0.009 -7"><span class='ocrx_word' id='word_1_138' title='bbox 961 474 1126 514; x_wconf 86' lang='lat' dir='ltr'>Quondam</span> <span class='ocrx_word' id='word_1_139' title='bbox 1152 478 1221 507; x_wconf 85' lang='lat' dir='ltr'>erat</span> <span class='ocrx_word' id='word_1_140' title='bbox 1246 473 1387 514; x_wconf 81' lang='lat' dir='ltr'>gravitas</span> 
     </span>
     <span class='ocr_line' id='line_1_55' title="bbox 1007 523 1382 561; baseline -0.011 -6"><span class='ocrx_word' id='word_1_141' title='bbox 1007 523 1051 555; x_wconf 87' lang='lat' dir='ltr'>Et</span> <span class='ocrx_word' id='word_1_142' title='bbox 1076 523 1225 554; x_wconf 89' lang='lat' dir='ltr'>honestas</span> <span class='ocrx_word' id='word_1_143' title='bbox 1250 530 1382 561; x_wconf 85' lang='lat' dir='ltr'>morum,</span> 
     </span>
    </p>

    <p class='ocr_par' dir='ltr' id='par_1_35' title="bbox 960 570 1363 651">
     <span class='ocr_line' id='line_1_56' title="bbox 960 570 1290 603; baseline -0.009 0"><span class='ocrx_word' id='word_1_144' title='bbox 960 571 1141 603; x_wconf 85' lang='lat' dir='ltr'>Vanitatum</span> <span class='ocrx_word' id='word_1_145' title='bbox 1167 570 1290 601; x_wconf 85' lang='lat' dir='ltr'>vanitas</span> 
     </span>
     <span class='ocr_line' id='line_1_57' title="bbox 1007 617 1363 651; baseline -0.003 0"><span class='ocrx_word' id='word_1_146' title='bbox 1007 619 1105 651; x_wconf 93' lang='lat' dir='ltr'>Modo</span> <span class='ocrx_word' id='word_1_147' title='bbox 1130 621 1218 650; x_wconf 89' lang='lat' dir='ltr'>tenet</span> <span class='ocrx_word' id='word_1_148' title='bbox 1241 617 1363 650; x_wconf 88' lang='lat' dir='ltr'>horum.</span> 
     </span>
    </p>
   </div>
   <div class='ocr_carea' id='block_1_33' title="bbox 959 693 1462 870">
    <p class='ocr_par' dir='ltr' id='par_1_36' title="bbox 959 693 1462 870">
     <span class='ocr_line' id='line_1_58' title="bbox 959 693 1304 729; baseline -0.009 -1"><span class='ocrx_word' id='word_1_149' title='bbox 959 695 1163 729; x_wconf 89' lang='lat' dir='ltr'>Consuetudo</span> <span class='ocrx_word' id='word_1_150' title='bbox 1188 693 1304 726; x_wconf 88' lang='lat' dir='ltr'>flebilis</span> 
     </span>
     <span class='ocr_line' id='line_1_59' title="bbox 1009 743 1389 783; baseline -0.011 -7"><span class='ocrx_word' id='word_1_151' title='bbox 1009 744 1068 776; x_wconf 90' lang='lat' dir='ltr'>His</span> <span class='ocrx_word' id='word_1_152' title='bbox 1093 743 1126 774; x_wconf 94' lang='lat' dir='ltr'>in</span> <span class='ocrx_word' id='word_1_153' title='bbox 1153 743 1389 783; x_wconf 84' lang='lat' dir='ltr'>detrimentum,</span> 
     </span>
     <span class='ocr_line' id='line_1_60' title="bbox 961 789 1413 830; baseline -0.004 -8"><span class='ocrx_word' id='word_1_154' title='bbox 961 792 1047 830; x_wconf 84' lang='lat' dir='ltr'>Quae</span> <span class='ocrx_word' id='word_1_155' title='bbox 1072 790 1166 822; x_wconf 88' lang='lat' dir='ltr'>nimis</span> <span class='ocrx_word' id='word_1_156' title='bbox 1193 798 1241 820; x_wconf 84' lang='lat' dir='ltr'>est</span> <span class='ocrx_word' id='word_1_157' title='bbox 1268 789 1413 822; x_wconf 84' lang='lat' dir='ltr'>fallibilis</span> 
     </span>
     <span class='ocr_line' id='line_1_61' title="bbox 1008 837 1462 870; baseline -0.004 0"><span class='ocrx_word' id='word_1_158' title='bbox 1008 839 1053 870; x_wconf 85' lang='lat' dir='ltr'>Et.</span> <span class='ocrx_word' id='word_1_159' title='bbox 1079 839 1174 869; x_wconf 85' lang='lat' dir='ltr'>ducet</span> <span class='ocrx_word' id='word_1_160' title='bbox 1198 837 1232 868; x_wconf 88' lang='lat' dir='ltr'>in</span> <span class='ocrx_word' id='word_1_161' title='bbox 1256 841 1462 869; x_wconf 86' lang='lat' dir='ltr'>tormentum.</span> 
     </span>
    </p>
   </div>
   <div class='ocr_carea' id='block_1_34' title="bbox 962 914 1491 1097">
    <p class='ocr_par' dir='ltr' id='par_1_37' title="bbox 962 914 1491 1097">
     <span class='ocr_line' id='line_1_62' title="bbox 962 914 1314 954; baseline -0.003 -8"><span class='ocrx_word' id='word_1_162' title='bbox 962 915 1026 946; x_wconf 89' lang='lat' dir='ltr'>Pro</span> <span class='ocrx_word' id='word_1_163' title='bbox 1052 923 1169 946; x_wconf 89' lang='lat' dir='ltr'>corona</span> <span class='ocrx_word' id='word_1_164' title='bbox 1194 914 1314 954; x_wconf 85' lang='lat' dir='ltr'>gloriae</span> 
     </span>
     <span class='ocr_line' id='line_1_63' title="bbox 1009 962 1394 1002; baseline -0.005 -8"><span class='ocrx_word' id='word_1_165' title='bbox 1009 963 1105 994; x_wconf 82' lang='lat' dir='ltr'>Nunc</span> <span class='ocrx_word' id='word_1_166' title='bbox 1128 962 1269 994; x_wconf 84' lang='lat' dir='ltr'>nutritur</span> <span class='ocrx_word' id='word_1_167' title='bbox 1296 970 1394 1002; x_wconf 85' lang='lat' dir='ltr'>coma,</span> 
     </span>
     <span class='ocr_line' id='line_1_64' title="bbox 964 1009 1339 1050; baseline -0.008 -7"><span class='ocrx_word' id='word_1_168' title='bbox 964 1011 989 1043; x_wconf 95' lang='grc' dir='ltr'>Ο</span> <span class='ocrx_word' id='word_1_169' title='bbox 1016 1009 1131 1042; x_wconf 89' lang='lat' dir='ltr'>flebilis</span> <span class='ocrx_word' id='word_1_170' title='bbox 1158 1010 1339 1050; x_wconf 86' lang='lat' dir='ltr'>memoriae,</span> 
     </span>
     <span class='ocr_line' id='line_1_65' title="bbox 1012 1054 1491 1097; baseline -0.008 -6"><span class='ocrx_word' id='word_1_171' title='bbox 1012 1059 1077 1091; x_wconf 89' lang='lat' dir='ltr'>Cur</span> <span class='ocrx_word' id='word_1_172' title='bbox 1100 1058 1221 1097; x_wconf 87' lang='lat' dir='ltr'>pateris</span> <span class='ocrx_word' id='word_1_173' title='bbox 1247 1057 1336 1094; x_wconf 83' lang='lat' dir='ltr'>haee,</span> <span class='ocrx_word' id='word_1_174' title='bbox 1364 1054 1491 1089; x_wconf 82' lang='lat' dir='ltr'>Roma?</span> 
     </span>
    </p>
   </div>
   <div class='ocr_carea' id='block_1_35' title="bbox 963 1134 1378 1311">
    <p class='ocr_par' dir='ltr' id='par_1_38' title="bbox 963 1134 1378 1221">
     <span class='ocr_line' id='line_1_66' title="bbox 963 1134 1378 1174; baseline -0.002 -9"><span class='ocrx_word' id='word_1_175' title='bbox 963 1134 1114 1174; x_wconf 77' lang='lat' dir='ltr'>Pompam</span> <span class='ocrx_word' id='word_1_176' title='bbox 1140 1134 1233 1165; x_wconf 89' lang='lat' dir='ltr'>huius</span> <span class='ocrx_word' id='word_1_177' title='bbox 1259 1134 1378 1165; x_wconf 85' lang='lat' dir='ltr'>saeculi</span> 
     </span>
     <span class='ocr_line' id='line_1_67' title="bbox 1011 1182 1340 1221; baseline -0.006 -7"><span class='ocrx_word' id='word_1_178' title='bbox 1011 1182 1149 1214; x_wconf 89' lang='lat' dir='ltr'>Student</span> <span class='ocrx_word' id='word_1_179' title='bbox 1174 1182 1340 1221; x_wconf 84' lang='lat' dir='ltr'>ampliare,</span> 
     </span>
    </p>

    <p class='ocr_par' dir='ltr' id='par_1_39' title="bbox 963 1230 1330 1311">
     <span class='ocr_line' id='line_1_68' title="bbox 963 1230 1330 1268; baseline -0.003 -7"><span class='ocrx_word' id='word_1_180' title='bbox 963 1230 1032 1261; x_wconf 81' lang='lat' dir='ltr'>Nec</span> <span class='ocrx_word' id='word_1_181' title='bbox 1057 1230 1169 1261; x_wconf 85' lang='lat' dir='ltr'>timent</span> <span class='ocrx_word' id='word_1_182' title='bbox 1196 1230 1330 1268; x_wconf 86' lang='lat' dir='ltr'>periculi</span> 
     </span>
     <span class='ocr_line' id='line_1_69' title="bbox 1014 1278 1308 1311; baseline 0.003 -2"><span class='ocrx_word' id='word_1_183' title='bbox 1014 1278 1150 1309; x_wconf 83' lang='lat' dir='ltr'>Poenam</span> <span class='ocrx_word' id='word_1_184' title='bbox 1177 1278 1308 1311; x_wconf 79' lang='lat' dir='ltr'>evitare.</span> 
     </span>
    </p>
   </div>
   <div class='ocr_carea' id='block_1_36' title="bbox 967 1345 1489 1529">
    <p class='ocr_par' dir='ltr' id='par_1_40' title="bbox 969 1345 1489 1432">
     <span class='ocr_line' id='line_1_70' title="bbox 969 1345 1489 1386; baseline -0.004 -9"><span class='ocrx_word' id='word_1_185' title='bbox 969 1345 1042 1377; x_wconf 90' lang='lat' dir='ltr'>Non</span> <span class='ocrx_word' id='word_1_186' title='bbox 1068 1348 1211 1386; x_wconf 84' lang='lat' dir='ltr'>pugnant</span> <span class='ocrx_word' id='word_1_187' title='bbox 1238 1354 1307 1376; x_wconf 90' lang='lat' dir='ltr'>cum</span> <span class='ocrx_word' id='word_1_188' title='bbox 1334 1345 1489 1376; x_wconf 85' lang='lat' dir='ltr'>militibus</span> 
     </span>
     <span class='ocr_line' id='line_1_71' title="bbox 1014 1393 1460 1432; baseline -0.004 -7"><span class='ocrx_word' id='word_1_189' title='bbox 1014 1394 1093 1425; x_wconf 91' lang='lat' dir='ltr'>Rem</span> <span class='ocrx_word' id='word_1_190' title='bbox 1120 1393 1281 1432; x_wconf 83' lang='lat' dir='ltr'>publicam</span> <span class='ocrx_word' id='word_1_191' title='bbox 1309 1393 1460 1431; x_wconf 88' lang='lat' dir='ltr'>tenendo,</span> 
     </span>
    </p>

    <p class='ocr_par' dir='ltr' id='par_1_41' title="bbox 967 1440 1464 1529">
     <span class='ocr_line' id='line_1_72' title="bbox 967 1440 1463 1473; baseline -0.002 -1"><span class='ocrx_word' id='word_1_192' title='bbox 967 1440 1032 1472; x_wconf 88' lang='lat' dir='ltr'>Sed</span> <span class='ocrx_word' id='word_1_193' title='bbox 1057 1446 1185 1472; x_wconf 87' lang='lat' dir='ltr'>manent</span> <span class='ocrx_word' id='word_1_194' title='bbox 1212 1449 1283 1472; x_wconf 89' lang='lat' dir='ltr'>cum</span> <span class='ocrx_word' id='word_1_195' title='bbox 1310 1440 1463 1473; x_wconf 75' lang='lat' dir='ltr'>divitibus</span> 
     </span>
     <span class='ocr_line' id='line_1_73' title="bbox 1012 1489 1464 1529; baseline -0.002 -9"><span class='ocrx_word' id='word_1_196' title='bbox 1012 1489 1208 1520; x_wconf 84' lang='lat' dir='ltr'>Thesaurum</span> <span class='ocrx_word' id='word_1_197' title='bbox 1233 1489 1464 1529; x_wconf 87' lang='lat' dir='ltr'>componendo.</span> 
     </span>
    </p>
   </div>
   <div class='ocr_carea' id='block_1_37' title="bbox 968 1565 1459 1749">
    <p class='ocr_par' dir='ltr' id='par_1_42' title="bbox 968 1565 1439 1654">
     <span class='ocr_line' id='line_1_74' title="bbox 968 1565 1249 1597; baseline -0.004 0"><span class='ocrx_word' id='word_1_198' title='bbox 968 1565 1114 1597; x_wconf 85' lang='lat' dir='ltr'>Ebriosis</span> <span class='ocrx_word' id='word_1_199' title='bbox 1138 1566 1249 1597; x_wconf 87' lang='lat' dir='ltr'>litibus</span> 
     </span>
     <span class='ocr_line' id='line_1_75' title="bbox 1017 1613 1439 1654; baseline 0.002 -10"><span class='ocrx_word' id='word_1_200' title='bbox 1017 1614 1211 1654; x_wconf 83' lang='lat' dir='ltr'>Immergunt</span> <span class='ocrx_word' id='word_1_201' title='bbox 1237 1622 1271 1644; x_wconf 87' lang='lat' dir='ltr'>se</span> <span class='ocrx_word' id='word_1_202' title='bbox 1297 1613 1439 1645; x_wconf 91' lang='lat' dir='ltr'>bibendo</span> 
     </span>
    </p>

    <p class='ocr_par' dir='ltr' id='par_1_43' title="bbox 971 1661 1459 1749">
     <span class='ocr_line' id='line_1_76' title="bbox 971 1661 1382 1693; baseline 0 -1"><span class='ocrx_word' id='word_1_203' title='bbox 971 1661 1039 1692; x_wconf 90' lang='lat' dir='ltr'>Nec</span> <span class='ocrx_word' id='word_1_204' title='bbox 1065 1670 1134 1692; x_wconf 87' lang='lat' dir='ltr'>cum</span> <span class='ocrx_word' id='word_1_205' title='bbox 1161 1661 1382 1693; x_wconf 87' lang='lat' dir='ltr'>sacerdotibus</span> 
     </span>
     <span class='ocr_line' id='line_1_77' title="bbox 1020 1709 1459 1749; baseline 0.005 -9"><span class='ocrx_word' id='word_1_206' title='bbox 1020 1710 1197 1741; x_wconf 87' lang='lat' dir='ltr'>Precantur</span> <span class='ocrx_word' id='word_1_207' title='bbox 1222 1709 1254 1740; x_wconf 91' lang='lat' dir='ltr'>in</span> <span class='ocrx_word' id='word_1_208' title='bbox 1279 1709 1459 1749; x_wconf 78' lang='lat' dir='ltr'>psallendo.</span> 
     </span>
    </p>
   </div>
   <div class='ocr_carea' id='block_1_38' title="bbox 971 1786 1397 1962">
    <p class='ocr_par' dir='ltr' id='par_1_44' title="bbox 971 1786 1397 1962">
     <span class='ocr_line' id='line_1_78' title="bbox 971 1786 1320 1825; baseline 0.003 -8"><span class='ocrx_word' id='word_1_209' title='bbox 971 1786 1082 1825; x_wconf 87' lang='lat' dir='ltr'>Asser,</span> <span class='ocrx_word' id='word_1_210' title='bbox 1110 1791 1222 1824; x_wconf 85' lang='lat' dir='ltr'>tesser,</span> <span class='ocrx_word' id='word_1_211' title='bbox 1249 1787 1320 1818; x_wconf 87' lang='lat' dir='ltr'>alea</span> 
     </span>
     <span class='ocr_line' id='line_1_79' title="bbox 1019 1834 1352 1872; baseline -0.003 -5"><span class='ocrx_word' id='word_1_212' title='bbox 1019 1835 1272 1866; x_wconf 87' lang='lat' dir='ltr'>Praesentantur</span> <span class='ocrx_word' id='word_1_213' title='bbox 1296 1834 1352 1872; x_wconf 89' lang='lat' dir='ltr'>ibi,</span> 
     </span>
     <span class='ocr_line' id='line_1_80' title="bbox 973 1881 1397 1923; baseline 0 -9"><span class='ocrx_word' id='word_1_214' title='bbox 973 1882 998 1914; x_wconf 95' lang='lat' dir='ltr'>O</span> <span class='ocrx_word' id='word_1_215' title='bbox 1025 1882 1097 1913; x_wconf 84' lang='lat' dir='ltr'>Iesu</span> <span class='ocrx_word' id='word_1_216' title='bbox 1125 1881 1262 1921; x_wconf 85' lang='lat' dir='ltr'>Christe,</span> <span class='ocrx_word' id='word_1_217' title='bbox 1290 1882 1397 1923; x_wconf 87' lang='lat' dir='ltr'>qualia</span> 
     </span>
     <span class='ocr_line' id='line_1_81' title="bbox 1020 1929 1370 1962; baseline -0.003 0"><span class='ocrx_word' id='word_1_218' title='bbox 1020 1931 1102 1962; x_wconf 91' lang='lat' dir='ltr'>Vota</span> <span class='ocrx_word' id='word_1_219' title='bbox 1127 1929 1268 1961; x_wconf 87' lang='lat' dir='ltr'>reddunt</span> <span class='ocrx_word' id='word_1_220' title='bbox 1293 1930 1370 1962; x_wconf 86' lang='lat' dir='ltr'>tibi!</span> 
     </span>
    </p>
   </div>
   <div class='ocr_carea' id='block_1_39' title="bbox 972 1999 1412 2190">
    <p class='ocr_par' dir='ltr' id='par_1_45' title="bbox 972 1999 1318 2093">
     <span class='ocr_line' id='line_1_82' title="bbox 972 1999 1261 2038; baseline 0.003 -1"><span class='ocrx_word' id='word_1_221' title='bbox 972 2005 1058 2037; x_wconf 86' lang='lat' dir='ltr'>Raro</span> <span class='ocrx_word' id='word_1_222' title='bbox 1077 1999 1261 2038; x_wconf 70' lang='lat' dir='ltr'>‘breviarius</span> 
     </span>
     <span class='ocr_line' id='line_1_83' title="bbox 1019 2053 1318 2093; baseline 0.007 -9"><span class='ocrx_word' id='word_1_223' title='bbox 1019 2053 1091 2084; x_wconf 84' lang='lat' dir='ltr'>Illic</span> <span class='ocrx_word' id='word_1_224' title='bbox 1115 2053 1318 2093; x_wconf 78' lang='lat' dir='ltr'>adportatur,</span> 
     </span>
    </p>

    <p class='ocr_par' dir='ltr' id='par_1_46' title="bbox 972 2100 1412 2190">
     <span class='ocr_line' id='line_1_84' title="bbox 972 2100 1412 2142; baseline 0.007 -10"><span class='ocrx_word' id='word_1_225' title='bbox 972 2100 1036 2132; x_wconf 88' lang='lat' dir='ltr'>Sed</span> <span class='ocrx_word' id='word_1_226' title='bbox 1062 2100 1168 2142; x_wconf 90' lang='lat' dir='ltr'>timeo,</span> <span class='ocrx_word' id='word_1_227' title='bbox 1195 2103 1281 2140; x_wconf 90' lang='lat' dir='ltr'>quod</span> <span class='ocrx_word' id='word_1_228' title='bbox 1307 2103 1412 2135; x_wconf 87' lang='lat' dir='ltr'>rarius</span> 
     </span>
     <span class='ocr_line' id='line_1_85' title="bbox 1020 2148 1352 2190; baseline 0.009 -9"><span class='ocrx_word' id='word_1_229' title='bbox 1020 2148 1102 2181; x_wconf 85' lang='lat' dir='ltr'>Boni</span> <span class='ocrx_word' id='word_1_230' title='bbox 1126 2149 1203 2188; x_wconf 91' lang='lat' dir='ltr'>quid</span> <span class='ocrx_word' id='word_1_231' title='bbox 1229 2155 1352 2190; x_wconf 84' lang='lat' dir='ltr'>agatur.</span> 
     </span>
    </p>
   </div>
   <div class='ocr_carea' id='block_1_40' title="bbox 970 2223 1509 2410">
    <p class='ocr_par' dir='ltr' id='par_1_47' title="bbox 970 2223 1509 2410">
     <span class='ocr_line' id='line_1_86' title="bbox 975 2223 1305 2259; baseline 0.006 -2"><span class='ocrx_word' id='word_1_232' title='bbox 975 2224 1041 2257; x_wconf 93' lang='lat' dir='ltr'>Ubi</span> <span class='ocrx_word' id='word_1_233' title='bbox 1066 2223 1174 2256; x_wconf 83' lang='lat' dir='ltr'>vinum</span> <span class='ocrx_word' id='word_1_234' title='bbox 1201 2227 1305 2259; x_wconf 89' lang='lat' dir='ltr'>carius</span> 
     </span>
     <span class='ocr_line' id='line_1_87' title="bbox 1018 2271 1333 2313; baseline 0.016 -11"><span class='ocrx_word' id='word_1_235' title='bbox 1018 2271 1080 2311; x_wconf 91' lang='lat' dir='ltr'>Sit,</span> <span class='ocrx_word' id='word_1_236' title='bbox 1106 2271 1333 2313; x_wconf 82' lang='lat' dir='ltr'>interrogatur,</span> 
     </span>
     <span class='ocr_line' id='line_1_88' title="bbox 970 2319 1247 2353; baseline 0.007 -2"><span class='ocrx_word' id='word_1_237' title='bbox 970 2319 1020 2351; x_wconf 84' lang='lat' dir='ltr'>lbi</span> <span class='ocrx_word' id='word_1_238' title='bbox 1043 2319 1247 2353; x_wconf 85' lang='lat' dir='ltr'>tabernarius</span> 
     </span>
     <span class='ocr_line' id='line_1_89' title="bbox 1016 2367 1509 2410; baseline 0.006 -11"><span class='ocrx_word' id='word_1_239' title='bbox 1016 2367 1113 2406; x_wconf 88' lang='lat' dir='ltr'>Quam</span> <span class='ocrx_word' id='word_1_240' title='bbox 1122 2367 1268 2402; x_wconf 86' lang='lat' dir='ltr'>Christus</span> <span class='ocrx_word' id='word_1_241' title='bbox 1274 2371 1346 2410; x_wconf 87' lang='lat' dir='ltr'>plus</span> <span class='ocrx_word' id='word_1_242' title='bbox 1353 2371 1509 2404; x_wconf 87' lang='lat' dir='ltr'>lucratur.</span> 
     </span>
    </p>
   </div>
  </div>
 </body>
</html>
