1651 2680
633 98 674 104 —
729 84 794 114 131
845 99 890 104 —

521 171 568 203 83.
609 172 758 204 Planctus
782 171 816 204 B.
837 171 956 203 Mariae
982 172 1016 202 V.

438 273 466 304 1.
495 272 755 312 Contemplemur
779 272 979 313 crucifixum,

498 320 706 352 Cruentatum
732 323 765 352 et
790 320 930 352 derisum

542 369 620 401 Cum
648 367 752 400 Maria
778 368 911 408 virgine.

141 481 148 489 .
173 455 283 488 Plorat
308 455 398 494 virgo
424 464 512 486 sumn
541 459 648 486 natum
805 457 836 486 5.
864 453 950 486 Gens
975 454 1101 493 ingrata
1127 456 1314 488 ludaeorum

173 503 388 542 Denudatum‚
414 501 620 544 flagellatum,
867 502 1064 534 Perfidorum
1092 508 1121 532 et
1148 505 1315 545 malorum,

175 551 267 584 Cruci
294 551 383 582 dirae
409 551 653 582 condemnatum
865 551 1095 589 eompassione
1122 561 1303 591 vacuorum,

222 600 258 632 In
284 599 331 630 sui
357 598 548 639 praesentia.
912 598 964 629 Sic
990 602 1021 628 te
1047 599 1141 630 morti
1167 599 1313 632 tradidit.

140 713 148 721 .
175 687 255 726 Heu,
283 685 339 724 fili,
367 685 441 725 quid
471 684 586 724 fecisti,
803 686 835 717 6.
863 685 997 723 Plangat
1022 693 1142 715 mecum
1170 685 1260 724 plebs
1287 685 1401 726 fidelis,

174 734 255 773 Heu,
283 734 393 765 dolens
420 743 470 764 me
497 733 616 775 vidisti,
864 734 962 764 Astra
987 732 1138 772 plangant
1166 739 1197 764 et
1223 734 1254 764 in
1281 734 1387 769 caelis,

173 782 254 818 Heu=
281 790 413 813 mortem
439 781 596 812 sustulisti
863 781 917 812 Me
941 780 1079 820 privavit
1107 790 1191 813 mors
1218 782 1356 813 crudelis

221 830 298 862 Cum
324 830 461 860 maximo
487 829 657 869 supplicio,
914 829 1007 860 Dulci
1034 837 1103 859 meo
1130 829 1205 861 fili0.

140 943 147 950 .
171 917 252 953 Heu.
280 917 345 947 vidi
372 920 403 947 te
431 916 600 953 dolentem,r
805 916 834 948 7.
866 916 938 952 Vos,
971 915 1154 955 christiani,
1180 925 1257 955 quos
1285 917 1415 955 creavit,

173 965 253 1001 Heu,
280 965 346 996 vidi
372 964 591 995 lacrimantem
863 964 947 1001 Quos
974 963 1118 1004 redemit,
1146 964 1302 995 exaltavit

172 1013 214 1045 Et
241 1021 382 1044 maerore
409 1011 608 1044 deficientem
863 1011 965 1042 Filius
993 1020 1080 1042 meus
1110 1017 1139 1043 et
1167 1012 1312 1047 salvavit,

224 1061 283 1092 Pro
308 1060 413 1092 Maria
440 1060 572 1099 virgine.
915 1059 981 1090 Deo
1008 1059 1122 1090 dicatis
1149 1061 1277 1099 gratias.

177 1146 220 1173 De
235 1146 333 1178 Levis,
354 1145 507 1172 Anecdota
525 1154 617 1175 sacra,
639 1154 665 1179 p.
691 1143 743 1170 115
766 1153 793 1170 u.
819 1145 836 1170 f.
859 1145 911 1170 mit
932 1144 982 1169 ‹ler
998 1144 1083 1170 Notiz
1109 1154 1159 1175 „ex
1175 1148 1273 1171 nostru
1289 1141 1416 1170 co‹lice.“

544 1297 592 1328 8⁴.
637 1296 675 1326 De
696 1295 792 1326 Beata
813 1295 913 1325 Maria
938 1295 971 1325 V.

601 1368 743 1402 Tempore
764 1366 912 1393 Paschali.

138 1490 144 1496 .
170 1465 277 1497 Mater
301 1465 430 1500 Christi.
458 1465 522 1496 noli
548 1463 636 1500 flere,
802 1465 832 1496 2.
861 1462 986 1500 Gaude,
1015 1463 1110 1502 plane
1137 1468 1237 1494 cesset
1265 1462 1368 1503 fietus,

172 1513 271 1546 Cessit
301 1513 401 1554 dolor,
429 1513 503 1553 quia
531 1521 603 1543 vere
862 1511 958 1543 Redit
986 1511 1088 1542 victor
1114 1511 1169 1542 leti
1197 1513 1298 1543 laetus

172 1561 236 1593 Iam
264 1561 412 1601 surrexit,
435 1561 494 1592 hoc
521 1560 631 1592 dixere
861 1559 901 1591 Et
929 1563 1111 1590 sanctorum
1138 1569 1244 1591 secum
1271 1564 1378 1591 coetus

170 1610 296 1650 Angeli,
321 1609 374 1650 qui
400 1608 545 1641 adfuere.
860 1608 1035 1639 Immortali
1064 1608 1136 1638 dote
1166 1607 1274 1639 fretus

481 1698 512 1728 3.
540 1695 605 1726 Fac
632 1703 707 1736 ergo
733 1703 790 1725 nos
817 1703 983 1734 resurgere

545 1744 622 1775 Cum
649 1742 760 1774 electis
784 1746 813 1773 et
839 1751 965 1783 sapere,

545 1791 646 1823 Deum
675 1790 737 1822 frui
764 1795 795 1822 et
821 1799 963 1829 cernere,

544 1840 634 1878 Quod
661 1839 723 1871 erit
748 1847 823 1870 vere
848 1838 967 1870 vivere.

174 1925 254 1952 Orat.
276 1934 328 1952 ms.
350 1925 517 1961 Campense
538 1926 607 1952 anni
633 1922 714 1952 1462.
755 1924 826 1951 Cod.
848 1923 1066 1950 Darmstadien.
1089 1921 1153 1950 521.

513 2078 560 2108 85.
602 2076 647 2107 Ad
669 2076 795 2108 Beatam
819 2075 948 2106 Mariam
971 2075 1005 2105 V,

600 2148 744 2183 Tempore
764 2146 914 2174 Paschali.

132 2272 140 2281 .
165 2248 246 2285 Ave,
273 2246 364 2286 virgo
390 2245 582 2287 verecunda,
800 2246 833 2276 2.
862 2244 985 2281 Gaude,
1012 2251 1093 2282 quae
1119 2244 1261 2283 tripudio

166 2294 370 2336 Bubicunda,
395 2294 604 2332 laetabunda,
861 2291 1052 2324 Laetabaris
1079 2290 1175 2323 nimio

167 2342 263 2376 Cuius
287 2343 408 2376 vultum
434 2342 579 2384 quisquis
610 2341 710 2381 videt,
859 2340 1059 2380 Resurgente
1084 2338 1150 2372 filio

166 2391 216 2424 De
241 2395 273 2423 te
299 2391 428 2432 gaudet,
454 2391 497 2424 ad
523 2396 554 2422 te
581 2390 677 2424 ridet.
859 2389 976 2421 Mortis
1002 2388 1042 2420 ab
1068 2387 1213 2429 imperio.

1203 2443 1245 2472 9*
