1651 2680
191 212 224 246 9.
249 207 323 254 Eia,
350 216 460 244 sancte
485 213 630 254 spiritus,
885 217 938 249 10.
965 213 1056 258 Illos,
1083 216 1223 256 inquam,
1249 223 1402 255 spernere

301 259 361 298 Qui
387 259 610 293 Sebastianum
1015 264 1103 296 Vana
1130 263 1277 301 docuisti,

250 306 459 340 Inflammasti
485 309 613 348 penitus
963 311 1083 351 Quibus
1110 315 1140 343 et
1166 311 1337 344 Acbatium

294 355 364 387 Nec
389 365 450 388 non
478 356 667 400 Fabianum,
1012 360 1105 399 Iungi
1133 359 1272 398 voluisti,

250 402 480 443 superaddens
505 405 633 436 tertium
964 407 1158 439 Dorotheam
1184 407 1321 439 nobilem

297 450 447 483 Sanctum
474 453 664 495 Adriamm,
1011 455 1079 487 Illis
1105 455 1272 495 addidisti,

249 499 334 538 Quos
361 498 466 531 fecisti
490 509 642 540 spernere
962 503 1047 542 Quos
1073 503 1134 534 tuis
1161 503 1309 542 igniculis

297 547 450 587 Spiritum
477 547 657 589 profanum.
1007 551 1060 582 Ad
1087 556 1221 582 mortem
1246 551 1365 590 ignisti.

521 645 575 679 11.
600 642 718 685 Dignis
745 646 857 678 horum
884 646 1043 686 precibus,

648 693 778 725 Sacrum
807 706 825 725 o
851 696 1022 735 spiramen,

600 741 666 772 Nos
693 751 711 773 a
738 743 848 774 mortis
876 741 1018 773 faecibus

647 790 770 822 Munda
796 790 876 822 dans
901 791 1053 829 solamen,

600 838 653 877 Ut,
681 848 750 869 cum
778 839 965 878 apparuerit

648 886 802 918 Ultimum
830 895 973 927 examen,

602 934 712 965 Venite
739 935 958 974 praedulciter

647 983 834 1014 Audiamus.
887 983 1000 1014 Amen.

246 1065 328 1092 Offic.
358 1075 409 1092 ms.
440 1066 468 1092 S.
496 1066 576 1092 Petri
606 1066 806 1102 Salis-burgen.
830 1076 904 1093 saec.
932 1065 972 1093 15.
997 1066 1065 1093 Cod.
1088 1066 1198 1092 Petrin.
1221 1074 1237 1092 a
1259 1067 1308 1097 VI,
1331 1064 1374 1092 5⁴2.
1399 1068 1431 1092 A.
1455 1081 1492 1084 —

171 1103 252 1132 Orat.
283 1113 336 1131 ms.
369 1107 397 1133 S.
426 1105 506 1131 Petri
533 1105 733 1140 Salisburgen.
763 1115 838 1131 saec.
872 1104 912 1131 15.
940 1114 983 1131 ex.
1007 1105 1074 1131 Cod.
1099 1105 1207 1131 Petrin.
1237 1114 1253 1130 a
1275 1105 1309 1132 V.
1332 1103 1378 1131 50.
1402 1106 1431 1131 15.
1456 1120 1492 1124 —

171 1141 203 1175 l,
226 1140 243 1169 6
264 1143 369 1169 Imbre.
392 1158 427 1161 —
449 1141 482 1175 S,
509 1141 526 1167 3
548 1152 673 1178 pneuma
696 1145 727 1170 Η,
749 1158 785 1161 -
807 1145 834 1175 8,
856 1143 873 1169 3
895 1152 936 1178 sq.
961 1152 1010 1179 per
1034 1146 1061 1169 te
1083 1144 1140 1169 sint
1163 1147 1293 1177 tempora
1315 1144 1347 1169 15.
1370 1158 1405 1162 -
1428 1142 1453 1172 9,
1477 1142 1496 1171 6

167 1181 308 1208 Inclitum
331 1181 477 1208 Albanum
503 1183 532 1208 B.
554 1196 590 1199 —
605 1182 818 1208 Akrostivhou:
842 1184 863 1208 A
877 1186 913 1217 pt
936 1183 961 1208 H
975 1182 1132 1208 ertneid.
1178 1182 1315 1209 Welcher
1330 1182 1494 1209 Hertnidus

167 1220 298 1256 gemeint
320 1221 368 1251 ist,
390 1229 510 1256 vermag
532 1220 577 1246 ich
599 1221 681 1247 nicht
703 1230 737 1247 zu
760 1229 859 1255 sagen.

485 1352 533 1383 20.
575 1352 784 1392 Parapbrasis
807 1351 967 1384 Orationis
989 1351 1175 1382 Dominicae.

368 1441 484 1474 Sancte
510 1446 614 1483 pater,
639 1452 760 1474 summa
788 1443 867 1474 caeli
893 1443 946 1482 qui
973 1443 1066 1474 sedes
1092 1443 1123 1473 in
1149 1443 1233 1481 aula⁷

364 1490 589 1522 Sanctificetur
615 1491 736 1523 honore
763 1496 849 1522 tuum
877 1491 1061 1522 venerabile
1088 1499 1211 1527 nomen,

366 1538 467 1571 Nobis
493 1539 642 1571 adveniat
671 1549 812 1580 regnum,
840 1543 895 1571 tua
920 1549 1034 1579 magna
1060 1543 1213 1580 potestas,

367 1587 535 1625 Quondam
562 1589 613 1627 qui
643 1588 743 1619 tenuit
772 1597 914 1629 regnum,
943 1597 1026 1619 nunc
1052 1587 1142 1618 hoste
1170 1587 1303 1627 depulso

308 1639 339 1670 5.
367 1635 471 1668 Filius
497 1641 530 1667 ut
558 1644 666 1675 regnet
694 1645 822 1676 semper
847 1645 905 1676 per
931 1641 1076 1675 tempora
1102 1636 1202 1675 pacis.

365 1685 403 1716 In
428 1685 524 1716 caelis
555 1685 641 1716 velut
673 1685 789 1716 colitur
814 1691 869 1716 tua
896 1694 969 1715 cara
997 1684 1154 1725 voluntas,

365 1732 419 1764 Sic
445 1733 557 1772 dignos
585 1732 705 1764 faciant
732 1732 856 1764 fructus
883 1733 941 1764 tibi
969 1742 1103 1772 corpora
1131 1736 1251 1770 nostra,

361 1781 499 1821 Impleat
525 1786 556 1812 et
581 1786 710 1812 sanctus
737 1782 837 1812 nostri
866 1781 1057 1821 praecordia
1081 1780 1185 1812 flatus

362 1829 563 1869 Pauperibus
590 1833 700 1869 potum
724 1829 816 1860 nobis
842 1838 1020 1870 panemque
1047 1829 1203 1869 ministra,

279 1878 332 1911 10.
360 1877 494 1918 Semper
519 1882 555 1909 ut
580 1878 716 1908 esuriem
744 1886 876 1917 superes
903 1883 1073 1917 aestusque
1099 1876 1241 1907 laborem

357 1927 464 1966 Atque
490 1931 561 1957 tuos
587 1930 697 1965 pascat
727 1926 819 1965 panis
847 1925 1022 1956 victoribus
1048 1930 1153 1964 aptus.

360 1975 416 2012 Te,
440 1975 576 2015 genitor,
605 1975 754 2014 petimus,
783 1974 925 2005 dimittas
953 1973 1086 2005 crimina
1112 1977 1231 2013 nostra,

359 2023 532 2055 Fratribus
557 2026 592 2054 ut
618 2023 732 2062 culpae
759 2022 883 2053 veniam
911 2021 1117 2061 poscentibus
1143 2025 1217 2052 ante

362 2072 492 2103 Viscere
517 2069 664 2110 perfecto
690 2070 778 2110 pacis
804 2070 995 2102 indulsimus
1021 2070 1134 2108 almae,

277 2120 332 2153 15.
358 2119 495 2160 Nonque
521 2120 607 2150 sinas
633 2127 743 2150 servos
772 2118 865 2159 vinci,
893 2122 995 2158 pater,
1023 2118 1114 2149 hoste
1139 2117 1290 2158 maligno,

357 2168 441 2201 Olim
467 2168 522 2208 qui
547 2167 816 2208 primoplaustum
844 2166 980 2198 detrusit
1006 2166 1046 2197 ab
1073 2166 1176 2197 Eden.

359 2217 462 2257 Eripe
488 2215 557 2255 sed,
584 2215 721 2256 genitor,
748 2223 846 2255 agnos
874 2214 914 2245 de
941 2213 1086 2245 faucibus
1114 2214 1225 2251 hostis,

356 2264 403 2298 Ut
428 2264 552 2304 possint
580 2263 719 2295 Domino
745 2271 873 2302 semper
898 2262 1019 2294 servire
1046 2271 1196 2303 superno.

356 2313 448 2353 Quod
474 2312 624 2353 petimus,
652 2311 707 2343 fiat
734 2310 865 2344 Christo
890 2309 1009 2350 fiatque
1036 2311 1172 2343 volente.

237 2398 361 2428 Colleet.
389 2406 444 2424 rns.
466 2396 683 2424 Cantuariense
702 2395 737 2428 (?)
758 2403 834 2422 saec.
858 2392 903 2423 11.
925 2394 997 2422 Cod.
1018 2394 1239 2431 Cantabrigien.
1260 2397 1307 2432 Gg
1327 2397 1362 2429 V,
1385 2395 1430 2425 35.
1453 2411 1490 2418 —·

157 2437 312 2467 Abschrift
330 2445 390 2465 von
410 2437 483 2464 Rev,
505 2434 541 2462 H.
562 2435 604 2462 M.
625 2434 793 2461 Bannister.
