1651 2680
672 107 933 143 —107—

177 205 210 238 9.
237 203 356 236 Contra
381 212 474 236 omne
498 204 675 244 periculum

237 251 322 284 Crux
349 251 425 282 mihi
452 252 494 284 sit
518 252 752 292 umbraculum,

235 298 288 332 Ab
313 303 403 330 aestu
427 299 609 332 libitudinis

236 348 410 381 Conservet
437 356 543 379 arcein
569 349 719 387 pectoris.

845 205 899 238 10.

929 205 976 237 Ne
1003 206 1105 245 turpis
1131 207 1282 247 cogitatio

927 255 990 284 Aut
1019 254 1122 285 carnis
1150 255 1320 286 delectatio

925 302 976 332 Ad
1005 310 1190 334 consensum
1215 312 1264 334 me
1284 302 1460 342 pertrahat,

926 352 1010 382 Crux
1038 359 1165 389 semper
1189 360 1238 382 ine
1266 351 1437 382 custodiat.

218 433 301 460 Miss.
323 436 353 459 et
372 433 458 459 Brev.
480 442 530 459 ins.
554 435 723 460 Coronense
745 442 821 460 saec.
848 432 888 460 14.
928 434 995 461 Cod.
1019 435 1151 461 Vaticani.
1175 435 1258 462 4757.
1282 452 1315 455 —-—
1339 435 1365 467 4,
1385 434 1403 462 ‘2
1423 435 1463 462 Et

142 472 223 500 fehlt.
243 486 281 490 —
302 469 454 498 Abschrift
474 480 532 497 von
556 472 624 498 Rev.
649 472 685 498 H.
708 472 747 498 M.
769 473 933 499 Bannister.

601 596 647 625 65.
692 596 731 626 De
755 596 869 626 Sancta
891 596 995 627 Cruce.

179 678 209 711 1.
236 677 262 709 O
289 685 376 714 crux,
403 684 472 718 ave,
499 676 710 713 sanctissima,

237 724 319 764 Spes
345 728 455 756 nostra
479 724 689 761 nobilissima,

239 772 332 805 Salus
359 772 467 804 mundi
494 772 669 808 verissima,

237 820 330 853 Omni
355 819 450 851 laude
477 820 672 860 dignissima.

177 910 209 942 2.
236 908 273 940 In
302 910 332 937 te
358 906 447 937 Iesus
474 906 677 938 dulcissimus

236 954 395 995 Pependit
420 954 638 994 suavissimus,

236 1004 304 1036 Rex
329 1006 439 1034 noster
464 1003 704 1036 invictissimus,

238 1051 300 1083 Per
332 1059 423 1090 quem
450 1051 570 1083 salvari
598 1051 768 1082 credimus.

179 1141 210 1171 3.
235 1137 295 1178 Qui
320 1141 351 1168 te
377 1141 506 1177 portare
534 1137 631 1168 voluit

237 1185 280 1217 Et
307 1185 450 1225 pendens
476 1186 507 1217 in
532 1190 562 1216 te
589 1185 702 1225 doluit,

237 1233 332 1266 Cuius
358 1242 447 1265 amor
473 1234 634 1274 apparuit,

238 1282 300 1313 Pro
325 1281 416 1313 nobis
443 1282 517 1314 dum
544 1281 703 1313 occubuit.

176 1369 209 1402 4.
236 1369 261 1401 Ο
288 1377 366 1399 crux
393 1367 489 1408 plena
515 1368 694 1399 dulcedinis

235 1417 279 1448 Et
305 1425 445 1448 summae
470 1416 731 1456 pulchritudinis,

235 1464 431 1505 Aspersione
460 1465 622 1505 sanguinis

236 1512 362 1545 Inebria
390 1521 445 1544 cor
470 1513 617 1545 hominis,

177 1598 209 1629 5.
237 1595 295 1634 Qui
322 1599 354 1625 te
379 1594 512 1628 laudare
537 1595 652 1626 nititur

236 1643 278 1675 Et
305 1643 441 1675 dulciter
467 1643 684 1684 amplectitur,

235 1691 363 1731 Beatus,
390 1692 443 1731 qui
469 1697 500 1723 te
526 1692 679 1732 sequitur,

234 1739 345 1771 Donec
369 1739 448 1771 vivit
474 1744 505 1771 et
531 1740 675 1771 moritur.

176 1823 208 1854 6.
235 1822 261 1854 O
290 1830 368 1853 crux
395 1822 462 1853 sole
488 1821 699 1862 splendidior,

233 1870 325 1903 Omni
352 1869 445 1902 melle
471 1870 610 1911 suavior,

232 1918 281 1950 Tu
307 1927 340 1949 es
365 1927 443 1950 auro
469 1919 668 1959 praeclarior

234 1967 279 1998 Et
304 1966 446 2000 balsamo
473 1967 678 2007 fragrantior.

175 2049 206 2082 7.
233 2049 259 2082 O
286 2048 370 2080 bona
396 2058 485 2087 crux,
512 2049 672 2088 amabilis,

233 2098 270 2130 ln
298 2098 420 2129 cunctis
448 2097 653 2136 venerabiliS‚

232 2146 280 2178 Tu
307 2154 340 2177 es
366 2146 536 2178 thesaurus
563 2145 680 2177 nobilis

229 2194 271 2226 Et
299 2198 411 2234 portus
438 2194 651 2226 delectabilis.

173 2277 204 2310 8.
232 2277 281 2309 Tu
307 2285 340 2308 es
366 2277 518 2309 vexillum
545 2275 678 2317 gloriae.

231 2325 295 2358 Per
320 2334 413 2365 quam
439 2325 521 2358 fiunt
547 2325 711 2365 victoriae,

227 2373 277 2406 Tu
303 2373 413 2405 clavus
441 2374 553 2406 domui,¹
577 2372 693 2413 regiae,

230 2423 330 2456 Porta
355 2422 504 2454 caelestis
530 2422 649 2453 curiae.

868 678 898 709 9.

848 907 901 938 10.

844 1137 897 1169 11.

844 1595 896 1626 13.

847 1821 900 1853 14.

845 2048 899 2080 15.

843 2275 899 2307 16.

927 677 992 708 Sub
1019 677 1078 708 hoc
1107 679 1225 709 vexillo
1252 682 1401 709 maneant

928 725 1068 763 Fideles,
1099 731 1131 757 ut
1160 736 1221 757 non
1249 730 1393 766 pereant,

928 773 1040 805 Crucis
1067 774 1164 805 amici
1191 775 1360 814 gaudeant,

926 821 1031 852 Vitam
1057 826 1222 853 aeternam
1251 822 1397 855 habeant.

929 908 964 938 ln
992 906 1102 938 umbra
1134 908 1224 938 liuius
1250 908 1375 939 arboris

928 954 1020 986 Salus
1047 957 1163 986 inentis
1189 963 1219 987 et
1247 956 1389 994 corporis

930 1003 1058 1042 Paxque
1087 1003 1224 1035 donatur
1250 1004 1399 1044 pectoris⁷

928 1050 1060 1081 Fluctus
1087 1057 1244 1089 pacantur
1270 1052 1428 1090 aequoris.

927 1138 962 1168 In
990 1141 1020 1167 te
1047 1137 1146 1168 latent
1176 1138 1310 1168 deliciae

927 1185 967 1216 Et
995 1185 1158 1223 speculum
1187 1186 1372 1224 munditiae,

927 1233 991 1264 Per
1016 1237 1047 1263 te
1075 1233 1233 1264 donantur
1260 1234 1382 1273 gratiae

927 1281 1068 1321 Cunctis,
1096 1282 1148 1320 qui
1176 1288 1246 1312 sunt
1275 1282 1306 1312 in
1334 1283 1412 1313 acie.

895 1395 901 1401 .
930 1369 966 1399 ln
993 1371 1024 1397 te
1052 1367 1148 1399 decor
1175 1372 1204 1398 et
1233 1369 1393 1405 gaudium,

927 1415 1030 1454 Sapor
1057 1420 1085 1445 et
1114 1416 1194 1447 odor
1221 1417 1376 1448 cordium.

928 1463 1004 1495 Piae
1031 1465 1146 1495 mentis
1174 1465 1325 1495 solacium

928 1511 967 1542 Et
997 1511 1090 1543 dulce
1117 1511 1328 1552 refrigerium.

926 1594 1012 1626 Tuus
1037 1603 1128 1626 amor
1153 1595 1287 1625 eximius

927 1642 993 1673 Nos
1021 1642 1114 1673 satiet
1141 1643 1284 1683 interius,

927 1690 1015 1722 Nihil
1041 1691 1081 1721 sit
1110 1691 1201 1722 nobis
1229 1691 1353 1722 dulcius

925 1739 1024 1777 Quam
1053 1739 1224 1770 crucifixus
1251 1738 1345 1772 filius,

929 1822 1030 1851 Amor
1056 1823 1129 1851 tuus
1156 1830 1213 1851 nos
1241 1821 1356 1859 capiat,

930 1869 1106 1899 Introrsum
1133 1869 1186 1908 qui
1212 1878 1268 1899 nos
1296 1869 1398 1908 rapiat

927 1917 968 1948 Et
996 1916 1158 1948 exsultare
1185 1915 1292 1955 faciat,

928 1965 1038 1996 Donec
1066 1965 1154 1996 lesus
1180 1966 1341 1998 adveniat.

925 2047 950 2079 Ο
976 2055 1064 2087 crux,
1093 2051 1200 2078 nostra
1228 2047 1374 2087 salvatio,

928 2096 1087 2126 Iustorum
1114 2095 1299 2130 consolatio,

925 2143 1004 2175 Esto
1030 2141 1121 2173 nobis
1148 2144 1315 2183 protectio.

925 2191 995 2223 Lux
1023 2190 1130 2222 cordis
1158 2196 1187 2222 et
1216 2191 1359 2223 refectio.

927 2273 952 2305 O
979 2282 1068 2308 crux,
1096 2282 1172 2304 vera
1197 2273 1331 2312 laetitia,

928 2317 1039 2353 Plena
1054 2321 1183 2353 caelesti
1210 2322 1324 2362 gratia,

926 2371 989 2403 Per
1014 2374 1044 2400 te
1070 2369 1167 2401 simus
1193 2370 1225 2402 in
1254 2371 1370 2411 patria,

925 2419 985 2458 Qui
1010 2423 1130 2450 stamus
1157 2419 1188 2450 in
1216 2419 1357 2451 miseria.
