1651 2680
204 937 259 970 10.

204 1176 259 1207 15.

203 1414 259 1446 20.

206 1652 264 1683 25.

207 1890 262 1923 30.

207 2129 263 2162 35.

649 67 882 104 ...12-

338 166 402 198 Quo
423 167 561 192 nascente
582 165 766 196 suscitamus,
787 172 846 199 quo
866 165 991 190 vocante
1012 163 1168 198 surgimus,

336 205 400 237 Quo
421 211 439 230 a
458 206 550 230 morte
571 202 697 233 liberati.
719 209 777 236 quo
796 209 895 228 sumus
918 197 1070 236 perlucidi.

337 242 416 277 Ergo
437 241 530 272 nobis,
555 248 605 267 rex
626 243 752 271 aeterne,
774 239 868 267 lucem
889 239 971 266 illam
994 240 1098 266 tribue.

336 280 438 307 Gloria
459 280 498 306 sit
519 279 581 306 Deo
604 279 689 312 patri,
712 277 846 313 prolique
870 279 996 313 spiritui,

337 318 400 345 Deo
421 318 498 344 trino
519 325 572 344 nec
592 325 650 343 non
674 317 734 347 uni,
756 317 831 351 paci,
853 316 941 347 vitae,
963 315 1077 348 lumini,

337 356 454 383 Nomini
478 356 614 382 nimirum
635 354 713 382 dulci
734 354 896 390 divinoque
919 355 1043 381 numini.

547 448 572 478 4.
609 446 782 486 Rhythmus
802 445 987 477 Matutinus.

286 509 390 542 Adest
415 512 538 548 tempus
565 508 760 543 matutinum,
790 507 882 540 dulce
907 507 1113 549 galhnicium,

284 558 352 597 Quo
376 560 477 588 morte
503 559 668 594 perempta
695 555 779 587 redit
805 555 946 586 salvator
973 555 1012 586 ab
1039 553 1162 593 inferni,

284 605 342 636 Ille
369 604 504 636 blandus
531 608 562 634 et
588 603 780 642 tremendus,
809 602 894 634 mitis
921 606 951 634 et
977 602 1143 642 terribilis,

285 652 344 690 Qui
371 652 472 683 crucis
499 651 530 682 in
556 659 613 682 ara
638 651 689 689 pie
715 654 858 682 nostrum
885 649 974 681 flevit
998 659 1132 689 vespere

256 724 264 732 .
291 701 333 732 Et
358 699 442 739 patri
469 698 649 731 conciliavit
676 702 742 729 toto
768 696 860 729 fissus
887 706 1031 738 corpore,

287 748 327 779 Se
354 756 412 786 pro
439 747 529 778 nobis
555 745 717 777 offerendo
743 745 876 777 hostiam
905 745 1107 784 placabilem.

286 794 510 827 Holocaustum
538 794 707 833 singulare,
736 793 896 825 victimam
922 793 1111 834 mirabilem,

285 842 369 874 Mire
394 841 538 878 multum,
565 841 647 871 libra
673 848 817 881 pensum,
847 840 938 872 dulce
965 839 1169 872 sacrificium.

286 890 369 921 Hine
396 892 562 920 manarunt
589 894 797 928 sacramenta,
825 888 895 927 quis
922 891 1044 919 constat
1071 888 1216 924 ecclesia,

286 937 430 976 Sanguis,
457 945 547 976 aqua,
575 936 641 967 vita
666 939 785 975 nostra,
812 936 947 975 mystica
971 935 1162 974 redemptio.

288 985 352 1015 Pax
379 985 515 1015 enormis
543 988 573 1014 et
601 983 745 1019 dulcedo.
773 984 880 1015 lucida
906 984 1065 1022 purgatio,

285 1033 383 1071 Quam
411 1031 554 1071 providit
581 1034 613 1062 et
638 1031 795 1070 quadrato
820 1031 955 1070 protulit
978 1029 1116 1063 senario.

287 1080 370 1110 Hinc
395 1080 439 1109 ita
465 1080 603 1110 surrexit
631 1079 785 1118 Christus,
814 1079 950 1110 blandus
977 1083 1008 1108 et
1035 1077 1206 1117 fulgoreus.

285 1126 393 1166 Qualis
420 1131 467 1156 est
493 1126 601 1158 electis
628 1126 783 1163 Christus,
811 1126 913 1165 qualis
939 1125 1173 1165 peecatoribus,

294 1174 407 1213 sicque
434 1177 531 1205 restat
558 1174 732 1214 sepultura,
759 1183 820 1214 qua
846 1174 1011 1213 quiescunt
1038 1172 1165 1211 mortui⁷

284 1222 354 1253 Lux
381 1225 520 1258 aeterna,
552 1231 643 1252 mane
669 1225 809 1253 nostrum
835 1222 1004 1261 lumenque
1030 1226 1229 1261 perpetuum,

285 1270 355 1300 Hoc
380 1278 509 1300 currens
536 1269 626 1300 nobis
653 1279 710 1308 per
735 1270 880 1308 simplum
908 1273 938 1300 et
964 1267 1157 1308 proturbans
1183 1267 1352 1308 geminum,

285 1317 376 1357 Quod
405 1317 540 1348 docebat
566 1318 605 1348 ad
633 1317 812 1356 sepulcrum
839 1317 920 1348 iuste
946 1316 1061 1348 sedens
1087 1315 1228 1356 angelus.

285 1364 372 1403 Ergo
396 1369 426 1395 te
452 1373 631 1404 precamur,
660 1365 744 1396 Deus
773 1364 864 1396 fortis
891 1368 921 1395 et
947 1365 1158 1404 omnipotens,

290 1412 369 1442 Vota
395 1416 503 1443 nostra
528 1413 681 1443 matutina
709 1412 849 1451 digneris
877 1413 1049 1452 suscipere.

286 1459 419 1490 Nostros
445 1459 512 1491 dies
538 1464 591 1492 tua
618 1469 696 1498 pace
724 1461 849 1499 placeat
877 1460 1058 1499 disponere,

287 1507 438 1539 Dimittas
464 1512 595 1546 peccata
621 1512 739 1545 nostra,
767 1517 879 1547 parcas
907 1506 1113 1544 facinoribus,

287 1554 420 1586 Salvans
447 1564 512 1597 nos,
541 1555 616 1595 vigil
643 1560 799 1591 aeternus,
829 1565 846 1586 a
873 1556 983 1586 mortis
1008 1555 1168 1594 operibus,

287 1602 402 1633 Facias
428 1611 484 1633 nos
511 1602 678 1634 crucifixos
706 1603 828 1634 vitiosis
854 1603 977 1634 actibus

292 1651 398 1688 Atque
424 1649 481 1680 tibi
507 1651 709 1690 consepultos
735 1651 900 1690 quadratis
926 1650 1119 1681 muneribus.

289 1698 334 1731 Ut
360 1706 429 1728 cum
456 1698 523 1729 dies
551 1699 716 1738 repentina
741 1698 899 1729 tremendi
924 1697 1033 1729 iudicii

292 1745 443 1784 Coeperit
469 1746 590 1777 clarere
617 1746 749 1785 cunctis,
774 1746 880 1784 specie
912 1745 1078 1786 terribilis,

288 1793 330 1824 Et
356 1793 450 1824 tubae
477 1794 606 1833 clangor
631 1793 746 1834 audiri,
775 1803 836 1833 qua
864 1798 1033 1834 resurgunt
1059 1794 1186 1835 mortui,

289 1840 355 1872 Nos
382 1850 572 1881 cognoscere
598 1841 740 1880 digneris
763 1846 834 1873 tuos
860 1851 929 1872 esse
955 1842 1114 1881 proprios,

291 1889 486 1924 Immutatos,
513 1890 717 1929 incorruptos
744 1889 928 1930 pariterque
954 1889 1090 1926 lucidos,

290 1938 338 1967 Ac
362 1937 444 1968 tales
470 1937 611 1976 digneris
636 1937 722 1976 parti
748 1938 904 1976 deputare
931 1938 1094 1969 dexterae.

290 1985 395 2023 Atque
420 1985 481 2015 ista
507 1985 600 2016 modo
626 1985 737 2024 primis
762 1986 934 2017 ostendens
959 1984 1110 2025 auspiciis

291 2031 386 2063 Hunc
413 2032 494 2063 diem
521 2032 590 2064 sine
616 2036 748 2071 peccato
773 2032 896 2064 tribuas
921 2033 1102 2073 transigere

290 2079 410 2118 Hisque
436 2080 517 2111 votis
543 2079 636 2112 simul
661 2080 764 2121 iunge,
792 2080 878 2113 Deus
905 2080 1160 2121 clementissime,

291 2127 389 2166 Opem
417 2127 541 2159 miseris
566 2128 733 2168 instanter,
762 2130 801 2160 da
827 2129 1089 2168 misericorditer,

289 2175 356 2214 Quo
382 2175 440 2206 tibi
466 2175 631 2214 possimus,
660 2176 756 2213 Deus,
783 2176 958 2208 adhaerere
983 2176 1099 2216 iugiter

291 2222 333 2254 Et
362 2222 422 2254 tibi
448 2223 576 2262 placere
602 2231 729 2264 semper
754 2225 893 2257 concede
919 2224 1102 2257 salubriter.

296 2270 407 2302 Gloria
432 2271 474 2301 sit
499 2271 567 2303 Deo
593 2276 713 2309 nostro,
740 2272 825 2311 patri
852 2273 1084 2312 potentissimo,

296 2318 382 2350 Proli
408 2327 541 2358 magnae
567 2325 662 2360 atque
687 2325 797 2352 sancto
823 2319 944 2353 flamini
971 2321 1137 2361 paraclito,

209 2366 266 2401 40.
293 2367 432 2407 Quorum
458 2370 506 2398 est
530 2376 593 2399 una
618 2368 766 2400 maiestas
793 2377 851 2409 per
876 2374 1007 2401 aeterna
1032 2369 1171 2402 saecula.
