1651 2680
703 121 762 129 —>
798 104 866 139 255
914 121 963 130 -—

166 199 199 232 3.
227 198 252 231 Ο
279 199 447 232 Dorothea
472 199 569 232 laude
595 200 702 242 digna,

161 1264 193 1296 ’Cn

159 1797 191 1829 6.

225 246 318 280 Idola
343 255 403 286 per
427 250 460 278 te
485 248 625 288 maligna

226 295 255 326 A
280 293 434 327 Fabricio
460 300 579 334 erecta,

225 342 277 374 Ab
303 342 417 382 angelo
443 347 517 374 sunt
543 343 679 383 abiecta,

273 392 302 422 A
327 398 377 421 me
404 389 478 431 fuga
505 391 584 422 haec
610 392 708 425 idola.

226 438 264 470 In
290 438 399 470 eculeo
425 447 592 477 suspensa,

223 486 363 518 Facibus
390 486 459 518 dire
485 495 650 526 succensa,

223 534 278 566 Me
303 542 361 566 ure
384 535 520 566 caritate
545 535 618 573 Dei,

223 582 356 614 Ancora
381 582 425 613 sis
452 591 540 613 meae
565 583 644 624 spei,

273 630 321 661 Ne
348 628 462 662 fraude
489 631 599 662 vincar
624 631 770 663 subdola.

225 730 250 762 Ο
276 730 453 769 Dorothea,
481 739 599 769 sponsa
626 731 756 770 Christi,

224 778 419 815 Memorare,
446 779 532 818 quod
559 779 675 810 misisti

225 826 328 858 Rosas
344 835 414 857 cum
429 827 532 857 malis.
547 835 660 858 munus
671 827 796 866 mirum,

223 874 424 915 Theophila,
454 882 523 905 cum
553 874 653 914 frigus
681 875 796 914 dirum,

271 922 353 954 Erat
379 922 515 953 brumali
542 927 703 964 tempore3

221 969 318 1001 Mitte
345 979 434 1002 rosas
461 971 551 1001 cordi
577 979 657 1010 meo,

221 1017 277 1048 Me
303 1018 458 1057 coniunge
483 1018 543 1048 soli
570 1018 651 1057 Deo,

222 1065 266 1098 Ut
290 1075 348 1106 per
374 1066 470 1097 talem
498 1071 722 1098 convectaram

235 1113 374 1145 Mortem
402 1113 536 1145 evadam
564 1115 756 1153 praeduram

270 1162 308 1193 In
335 1162 440 1193 anima
467 1166 496 1192 et
530 1171 675 1200 corpore.

221 1261 246 1293 Ο
258 1262 356 1303 virgo,
379 1271 448 1293 cum
461 1261 536 1292 hinc
547 1263 795 1303 transmigrasti‚

221 1308 288 1341 Sub
315 1309 424 1350 gladio
450 1314 526 1341 tunc
552 1310 745 1348 impetrasti,

221 1357 322 1389 Deum
350 1358 404 1397 qui
432 1358 663 1397 deprecaretur

220 1405 286 1436 Per
310 1409 355 1440 te.
381 1415 454 1437 mox
479 1409 515 1436 ut
541 1406 749 1438 exaudiretur

267 1454 399 1486 Cunctis
425 1454 458 1485 in
484 1453 646 1492 periculis.

220 1501 246 1534 Ο
273 1501 448 1543 Dorothea,
476 1501 583 1533 virens
610 1502 695 1541 vitis,

219 1551 426 1581 Assertorem
452 1553 526 1581 tuae
552 1550 619 1581 litis

220 1598 283 1629 Hic
308 1601 466 1630 astantem
495 1598 734 1638 comtemplare‚

221 1645 464 1678 Gemescentem
490 1650 555 1677 tam
582 1655 690 1678 amare

267 1694 452 1735 singulibus
480 1703 563 1725 nunc
591 1694 723 1727 sedulis.

217 1795 242 1828 Ο
270 1805 326 1828 vas
353 1796 487 1828 multum
515 1796 699 1835 opulentum

221 1843 327 1884 Super
353 1853 465 1875 aurum
493 1848 523 1874 et
550 1848 726 1885 argentum,

222 1892 259 1924 ln
285 1897 479 1933 paupertate
504 1900 555 1922 me
580 1900 690 1924 amara

222 1939 327 1982 Solve,
358 1941 458 1981 virgo,
484 1949 610 1979 precor,
639 1941 736 1977 clara,

269 1989 489 2028 Languentem
516 1998 594 2028 prae
621 1988 748 2028 inopia;

921 201 993 234 Non
1021 211 1070 233 me
1096 204 1185 233 tuum
1211 200 1395 240 asperneris

920 249 988 282 Nee
1014 249 1178 288 indignum
1204 249 1392 290 indigneris,

920 297 974 330 Me
1001 297 1188 330 commendo
1213 297 1272 328 tibi
1299 300 1401 328 iotum

919 346 955 377 In
983 354 1091 377 amore
1117 349 1170 377 tuo
1197 350 1316 384 potum.

966 394 991 425 Ο
1019 393 1148 434 pietatis
1173 393 1275 432 copia.

884 521 889 526 .
917 494 942 526 Ο
970 502 1042 524 rosa
1068 493 1184 524 rubens
1211 493 1279 524 sine
1305 493 1408 532 spina,

917 541 994 572 Flos
1019 542 1151 572 iilaesus
1177 551 1195 572 a
1221 541 1347 579 pruina,

918 589 1044 626 Tortor,
1073 589 1173 628 virgo,
1202 597 1241 618 ne
1267 598 1315 619 me
1343 589 1464 628 laedat,

919 636 1026 667 Nexus
1053 635 1171 668 inferni
1197 645 1236 666 ne
1263 646 1312 667 me
1339 636 1466 669 caedat.

965 685 1018 715 Me
1044 684 1129 723 audi,
1159 693 1294 714 vernans
1322 684 1435 715 lilium.

917 732 942 764 Ο
969 731 1144 767 Dorothea,
1172 736 1296 771 martyr
1322 731 1393 769 Dei,

916 780 1084 820 Miserere,
1114 782 1214 819 virgo,
1237 781 1310 817 mei,

919 828 964 859 Te
992 828 1174 859 laudantem
1201 837 1262 858 non
1289 828 1410 867 ignora,

918 875 980 907 Sed
1010 886 1068 915 pro
1095 885 1143 905 me
1169 884 1296 914 semper
1322 883 1419 906 exora

967 923 1139 964 Christum,
1166 923 1291 955 Mariae
1318 922 1427 956 filium.

881 1047 888 1055 .
916 1024 941 1055 O
970 1023 1144 1059 Dorothea,
1170 1031 1243 1062 spes
1271 1024 1434 1061 virtutum,

915 1071 969 1102 Me
995 1070 1144 1103 sordibus
1170 1070 1303 1102 multum
1322 1070 1491 1111 imbutum,

917 1120 1049 1151 Servum
1076 1123 1163 1149 tuum
1190 1127 1273 1149 nune
1299 1118 1425 1155 exaudi,

916 1167 997 1198 Fine
1023 1166 1106 1197 malo
1133 1176 1171 1197 ne
1199 1175 1247 1196 me
1275 1165 1380 1197 claudi

964 1213 1056 1245 Sinas
1083 1213 1114 1244 in
1142 1215 1220 1244 meis
1249 1214 1344 1244 vitiis.

915 1263 940 1295 O
968 1262 1058 1303 virgo
1087 1261 1245 1293 castitatis
1272 1262 1382 1302 mirae,

916 1309 989 1341 Tibi
1015 1310 1144 1341 decrevi
1171 1318 1255 1340 nunc
1281 1309 1414 1344 servire,

916 1357 981 1390 Sub
1010 1362 1064 1389 tua
1091 1366 1167 1388 cura
1194 1363 1256 1387 tam
1285 1357 1375 1388 suavi

914 1407 970 1438 Me
996 1405 1090 1444 habe,
1118 1415 1190 1436 nam
1217 1412 1249 1435 te
1276 1405 1380 1436 amavi

964 1454 1045 1485 Prae
1072 1454 1195 1484 cunctis
1224 1452 1358 1484 deliciis.

878 1582 885 1589 .
914 1556 939 1588 Ο
968 1555 1068 1595 virgo,
1095 1564 1165 1587 cum
1194 1555 1266 1585 binc
1293 1554 1452 1593 emigrare

912 1605 966 1635 Me
990 1603 1156 1642 contingit,
1184 1607 1259 1634 tunc
1285 1606 1408 1643 aptare,

915 1653 950 1684 In
979 1651 1140 1683 horrenda
1165 1651 1278 1682 mortis
1303 1651 1393 1687 hora,

913 1699 1004 1735 Veni,
1031 1701 1131 1739 virgo,
1159 1701 1227 1731 sine
1257 1708 1345 1730 mora

963 1748 1066 1779 'suere
1094 1757 1143 1778 me
1169 1753 1199 1778 et
1226 1747 1340 1779 libera.

915 1797 966 1828 Sis
992 1805 1137 1827 securum
1166 1795 1241 1827 mihi
1270 1799 1408 1831 scutum,

916 1845 950 1876 In
978 1853 1078 1883 agone
1105 1842 1156 1874 fac
1182 1852 1231 1875 me
1258 1848 1372 1881 tutum,

916 1893 977 1931 Da,
1009 1897 1043 1923 ut
1071 1893 1193 1923 hostem
1219 1901 1283 1922 nou
1309 1899 1491 1931 pavescam,

917 1940 981 1973 Sed
1006 1941 1038 1971 in
1065 1940 1193 1973 Christo
1221 1941 1417 1979 requiescam

964 1989 1076 2028 Quiete
1103 1986 1280 2020 salutifera.

235 2089 317 2116 Orat.
339 2097 392 2116 ms.
415 2091 445 2116 S.
470 2088 549 2115 Petri
573 2088 776 2125 Salisburgen.
798 2098 874 2117 saec.
899 2088 942 2116 15.
985 2089 1054 2115 Cod.
1072 2089 1181 2115 Petrin.
1204 2096 1221 2115 a
1236 2088 1277 2114 IV
1298 2088 1342 2115 39.
1366 2103 1402 2106 —
1426 2088 1450 2121 1,
1473 2087 1489 2114 7

156 2128 245 2165 Spem
267 2127 382 2155 firmam
403 2127 595 2164 singularem.
619 2141 656 2146 —
680 2127 711 2160 l,
735 2126 769 2155 lO
790 2129 915 2156 sonoris.
938 2141 973 2146 —-
995 2127 1021 2159 5,
1043 2127 1061 2154 4
1082 2135 1149 2153 mox
1171 2130 1208 2154 et.
1230 2141 1265 2144 —
1287 2126 1313 2159 5,
1337 2125 1354 2153 6
1375 2128 1488 2154 vivens.

156 2182 194 2186 —
215 2166 248 2199 5,
274 2164 309 2194 10
330 2166 559 2202 singultatibus.
582 2180 619 2185 -—
639 2165 672 2198 6,
694 2165 711 2193 6
732 2168 908 2202 aspernaris.
930 2182 968 2186 —
989 2165 1020 2197 6,
1045 2165 1060 2192 7
1084 2165 1255 2201 indignaris.
1279 2181 1313 2185 —
1337 2166 1368 2198 ὕ,
1391 2166 1409 2192 9
1431 2170 1489 2192 tue.

155 2221 193 2225 —
208 2204 234 2237 ὅ,
257 2203 274 2232 9
295 2207 324 2233 te
345 2205 430 2240 virgo
452 2206 559 2232 amavi.
584 2220 618 2224 —
641 2205 724 2232 Nach
745 2205 810 2233 dem
832 2205 924 2233 Amen
946 2205 1020 2240 foigt
1041 2203 1115 2232 noch
1137 2205 1184 2231 die
1207 2203 1245 2232 A:

618 2262 770 2290 Dorothea
789 2263 909 2291 Christo
931 2265 1027 2299 grata,

618 2301 801 2328 Afflictorum
824 2301 971 2329 advocata

619 2338 840 2377 Adiutrix[que]
861 2342 902 2367 sis
924 2343 1038 2376 rogata,

619 2380 657 2407 Ut
681 2379 810 2407 defectus
831 2382 860 2407 et
881 2382 1002 2415 peccata

618 2419 726 2445 Nostra
748 2427 799 2453 per
820 2422 848 2446 te
869 2419 930 2445 siut
951 2417 1062 2445 ablata.
