1651 2680
702 97 868 133 —208
918 86 962 122 '-

613 257 672 288 156.
713 257 757 287 De
778 256 877 290 Beata
896 256 997 288 Maria
1017 258 1053 290 V.

814 347 848 378 Ι.

215 436 246 466 1.
274 435 299 466 Ο
325 433 442 474 Maria,
468 436 570 463 mater
598 432 668 474 Dei,
904 432 936 464 7.
962 433 1061 473 Virgo
1087 431 1176 470 felix,
1202 432 1351 473 gloriosa,

271 482 324 514 Ad
349 486 381 512 te
407 483 533 512 camant
557 489 666 511 omnes
692 479 750 517 rei,
959 481 1056 519 Apud
1083 479 1246 512 Christum
1271 480 1423 520 virtuosa,

270 530 313 562 Ut
335 526 395 572 [tu]
424 527 539 560 fundas
565 536 676 567 preces
702 527 742 567 ei,
960 528 1035 560 Mea
1060 527 1203 560 membra
1229 528 1343 560 vitiosa

272 578 331 616 Qui
359 577 413 608 dat
441 585 539 617 regna
564 576 697 615 requiei.
960 575 1066 615 Purga
1091 584 1186 614 prece
1213 576 1348 608 curiosa.

210 674 241 705 2.
269 673 376 704 Mater
401 680 542 704 summae
568 672 708 710 pietatis,
899 672 931 703 8.
960 671 1018 709 Tu,
1048 672 1145 713 virgo,
1172 671 1396 711 patrocinium,

268 721 362 752 Mitte
389 729 500 759 preces
526 729 584 758 pro
611 719 759 758 culpatis,
958 718 1059 750 Tuum
1085 722 1199 759 potens
1225 719 1378 750 auxilium

270 769 360 807 Roga
387 767 505 799 fontem
532 767 695 806 bonitatis,
961 766 1094 798 Praesta
1119 767 1207 806 mihi,
1235 767 1429 798 consortium

269 816 311 848 Ut
340 816 393 846 det
420 824 547 855 reguum
575 814 756 854 baptizatis.
961 814 997 845 In
1025 818 1181 846 conventu
1206 813 1361 846 fidelium.

209 914 242 945 3.
267 913 319 943 Ad
346 915 376 942 te
403 911 514 953 clamo,
543 911 596 950 qui
623 920 690 941 sum
718 918 801 947 rem,
901 910 933 941 9.
960 909 985 941 Ο
1011 910 1121 949 regina
1147 909 1342 947 caelestium,

269 960 339 991 Non
366 963 397 989 te
421 959 497 990 latet
526 958 618 989 dolor
643 966 741 995 meus,
960 957 1070 988 Exora
1095 960 1183 987 tuum
1208 956 1319 994 filium,

270 1008 314 1039 Te
340 1011 492 1045 precante
523 1006 669 1039 Christus
696 1005 782 1037 Deus
963 1005 1007 1036 Ut
1034 1005 1087 1037 det
1114 1005 1192 1035 mihi
1219 1004 1384 1036 eonsilium

270 1055 310 1088 Ut
338 1055 378 1085 sit
405 1054 594 1095 suffragator
621 1063 720 1085 meus.
962 1052 1004 1083 Et
1031 1052 1143 1084 salutis
1169 1052 1357 1084 remedium.

207 1153 240 1183 4.
266 1151 321 1182 Me
347 1159 483 1189 agnosco
510 1149 658 1180 vitiorum
876 1147 930 1180 10.
958 1147 1076 1187 Maria,
1103 1147 1208 1179 lumen
1236 1148 1401 1187 virginum,

270 1198 357 1230 Mole
381 1198 486 1228 carnis
512 1197 657 1234 otiosum,
959 1195 1149 1227 Nostrorum
1175 1196 1287 1227 sordes
1314 1196 1482 1227 criminum

269 1246 328 1285 Qui
354 1254 402 1275 me
429 1246 493 1276 scio
521 1245 724 1275 criminosum
958 1242 1002 1274 Et
1026 1246 1229 1282 peccatorum
1255 1243 1394 1275 omnium

267 1294 309 1325 Et
335 1294 481 1332 supernis
506 1292 661 1325 odiosum,
957 1290 1144 1332 Exstingue,
1171 1292 1260 1330 pacis
1285 1291 1455 1323 vinculum.

210 1391 244 1421 5.
271 1388 335 1420 Sed
361 1391 405 1426 tu,
432 1388 521 1427 virgo
546 1386 729 1423 laudabiliS,
875 1384 930 1418 11.
958 1385 1003 1418 Ut
1031 1383 1217 1428 [Christus],
1243 1391 1315 1417 tuus
1340 1385 1435 1426 filius,

267 1436 375 1467 Mater
400 1439 429 1465 et
457 1434 658 1475 venerabilis,
962 1429 1043 1476 [Me]
1072 1436 1162 1464 eruat
1186 1433 1356 1473 propitius,

271 1483 322 1514 Sis
347 1482 425 1513 mihi
450 1481 681 1522 supplicabilis‚
959 1480 1022 1511 Per
1048 1488 1159 1520 preces
1188 1478 1273 1524 [tuas
1301 1480 1407 1525 citius]

268 1531 313 1562 Te
339 1539 394 1561 oro
420 1529 637 1561 lacrimabilis.
961 1524 1124 1570 [Mundet]
1153 1530 1256 1568 culpis
1281 1530 1443 1561 attentius

211 1628 244 1659 6.
272 1626 318 1657 Te
343 1634 398 1656 oro
423 1624 514 1655 flexis
540 1624 672 1663 genibus
878 1623 932 1655 12.
960 1622 1048 1662 Ergo
1074 1631 1208 1663 precare
1233 1624 1345 1662 filium,

268 1674 311 1705 Et
338 1681 408 1703 cum
434 1672 556 1711 magnis
582 1671 760 1712 gemitibus,
959 1671 1004 1703 Ut
1030 1671 1107 1702 mihi
1134 1672 1176 1702 sit
1201 1671 1358 1714 refugium

270 1721 312 1754 Ut
339 1729 388 1751 me
413 1720 547 1751 mundes
574 1719 760 1751 criminibus
959 1719 1185 1758 concedatque
1211 1722 1406 1753 consortium

271 1769 402 1801 Mundis
429 1767 636 1799 orationibus.
960 1767 998 1798 In
1023 1767 1119 1799 choro
1145 1768 1225 1799 caeli
1252 1770 1379 1802 civium.

811 1910 854 1943 H.

212 2009 244 2041 1.
272 2007 386 2040 Mundi
412 2008 508 2046 salus,
535 2015 553 2037 o
578 2006 694 2045 Maria,
897 2007 929 2039 3.
956 2007 1062 2047 Purga
1087 2007 1191 2039 labem
1218 2010 1377 2051 vitiorum,

271 2058 332 2088 Per
357 2060 388 2086 te
414 2059 502 2095 patet
528 2054 607 2085 caeli
633 2054 695 2095 via,
959 2054 1186 2095 Medicinaque
1211 2057 1369 2099 laborum,

270 2106 299 2135 A
326 2108 357 2134 te
382 2107 517 2144 poscunt
543 2101 702 2143 suffragia,
959 2102 1116 2135 Miserere
1141 2105 1332 2144 populorum

272 2155 356 2190 Quos
382 2150 570 2190 constringit
595 2149 752 2190 angustia.
961 2150 1050 2182 Dans
1074 2151 1197 2183 veniam
1225 2153 1460 2191 defunctorum.

213 2249 244 2280 2.
271 2247 296 2280 Ο
323 2246 481 2278 caelorum
506 2245 705 2287 imperatrix,
901 2247 933 2280 4.
960 2246 1062 2279 Stella
1086 2248 1184 2279 maris
1207 2250 1361 2289 apellaris

268 2295 366 2335 Virgo
390 2293 477 2337 felix,
507 2304 525 2326 ο
552 2293 686 2336 beatrix,
956 2295 1000 2326 Et
1026 2296 1138 2336 regina
1162 2297 1323 2340 salutaris,

268 2344 322 2376 Ad
356 2346 387 2374 te
413 2343 528 2374 clamat
554 2351 630 2382 gens
653 2342 801 2381 humana,
960 2342 1093 2384 Gentes,
1120 2344 1234 2383 quibus
1261 2347 1450 2390 dominaris,

268 2391 455 2429 Mediatrix,
484 2388 599 2434 [purga
623 2387 732 2433 vana].
957 2391 1009 2423 Ab
1034 2391 1151 2432 iniquis
1177 2395 1311 2426 tuearis.
