1651 2680
718 107 980 142 —312—

207 211 238 241 5.
266 208 291 240 Ο
316 217 372 239 vos
397 206 656 247 innumerabiles,
894 206 925 238 7.
951 204 1074 237 Mundo
1099 209 1186 238 ostro
1211 204 1368 244 exornati,

266 256 351 288 Celsi
377 253 536 293 fortesque
563 258 730 295 martyres,
949 253 1136 293 Margaritis
1163 252 1316 293 coronati,

268 303 396 335 Cunctis
423 302 516 341 digne
542 301 706 341 amabiles,
951 301 1132 333 Adamante
1157 300 1317 332 decussati

315 351 424 382 Saluto
451 350 607 391 hilariter,
999 349 1035 380 In
1062 349 1166 380 choris
1192 349 1377 389 angelorum

264 400 322 438 Qui
349 401 457 438 spreta
482 397 592 428 mundi
618 397 720 437 gloria
950 397 1159 428 Exsultantes
1185 396 1405 437 congaudetis,

266 446 438 486 Sprevistis
464 445 649 477 transitoria
952 445 1067 478 Carum
1093 445 1253 478 Christum
1279 445 1342 476 iam
1368 443 1506 484 habetis,

268 495 328 527 Pro
354 494 441 525 sanie
467 497 499 524 et
524 493 629 524 scoria
953 492 1048 524 Cuius
1073 492 1156 523 bona
1181 492 1353 532 possidetis

313 542 360 574 Ob
388 541 547 572 Christum
573 541 723 572 suaviter.
1001 541 1078 572 Cum
1104 540 1233 572 milibus
1258 544 1450 572 sanctorum.

205 640 236 672 6.
264 636 470 678 Exprobrati,
498 637 638 676 spoliati,
894 637 924 668 8.
954 637 1106 668 Trinitati
1131 636 1253 677 sociati,

263 687 371 725 Trusi,
399 685 483 715 caesi
510 689 540 715 et
566 685 716 722 truncati,
954 685 1036 715 Vera
1061 684 1127 716 vita
1151 685 1214 716 iam
1242 685 1353 721 dotati,

265 734 365 766 Saevo
392 741 466 763 ense
494 732 654 768 decollati.
953 732 1044 764 Omni
1071 732 1152 763 bono
1179 735 1209 763 et
1235 732 1330 773 beati,

312 782 420 812 Tellus
446 780 553 811 madet
579 789 710 818 cruore3
1001 779 1119 811 Nostra
1145 780 1259 811 sumite
1284 783 1369 811 vota.

266 828 364 862 Urbis
391 828 527 858 sacravit
554 828 688 862 moenia,
950 828 1011 868 En,
1031 836 1101 858 cum
1119 836 1214 858 carne
1227 828 1343 867 premit
1360 827 1508 870 mundus,

266 876 347 908 Dum
374 884 429 906 sex
456 884 514 914 per
538 875 673 906 miliaria
954 875 1063 906 Hostis
1087 884 1210 914 quoque
1235 873 1426 906 furibundus

266 924 423 956 Mosellae
450 923 564 953 rubent
589 922 728 962 flumina,
953 923 1043 954 Bella
1070 923 1148 953 citat
1172 923 1387 963 nutabundus,

316 971 434 1003 Christi
460 969 548 1001 fusus
574 979 691 1003 amore.
999 971 1080 1010 Heu,
1108 970 1198 1002 vobis
1223 980 1286 1002 non
1310 971 1428 1010 ignota.

532 1067 562 1097 9.
594 1065 654 1096 Pro
680 1069 787 1096 vestra
813 1065 870 1096 sed
898 1066 1031 1097 victoria

591 1113 757 1151 Triumphi
783 1114 861 1144 assit
886 1114 1002 1154 gloria,

591 1160 639 1191 Ne
666 1161 749 1191 mala
774 1161 960 1192 transitoria

639 1207 823 1239 Condueant
850 1209 891 1240 ad
918 1207 1086 1242 infernum.

591 1255 653 1286 Sed
679 1261 810 1286 ovantes
837 1257 1086 1295 contemplemur

590 1303 691 1334 Deum
719 1312 826 1334 verum
853 1307 884 1334 et
909 1304 1073 1341 laetemur,

592 1350 724 1381 Vestrae
750 1351 829 1381 sorti
855 1351 1051 1390 gratulemur

640 1397 733 1429 Ultra
759 1402 789 1428 et
815 1399 848 1429 in
874 1402 1049 1430 aeternum.

271 1482 397 1509 Schmitt.
417 1481 478 1512 Ph„
501 1481 556 1507 Die
578 1481 686 1507 Kirche
707 1481 756 1508 des
778 1481 816 1508 hl.
839 1482 981 1509 Paulinus
1004 1483 1049 1509 bei
1070 1484 1163 1515 Trier,
1187 1485 1271 1511 Trier
1294 1483 1376 1512 1853.
1397 1486 1425 1511 S.
1448 1484 1502 1513 481

192 1531 219 1547 u.
235 1522 262 1552 13,
281 1529 333 1547 aus
351 1519 437 1555 „CocL
452 1520 593 1546 Treviren
617 1519 696 1546 Gest.
717 1518 782 1546 33²¹.
817 1520 862 1546 Da
877 1520 923 1547 die
939 1521 991 1547 Hs.
1009 1523 1061 1547 mit
1076 1522 1171 1549 dieser
1185 1524 1346 1550 veralteten
1361 1524 1504 1559 Signatur

192 1559 279 1586 kaum
301 1557 495 1589 anfzufinden,
524 1557 598 1583 muss
620 1557 665 1583 ich
688 1558 764 1584 mich
786 1559 839 1584 mit
859 1558 923 1584 dem
945 1558 1100 1587 Abdrucke
1122 1569 1174 1587 aus
1197 1561 1322 1588 Schmitt
1341 1562 1505 1598 begniigen.

624 1688 690 1719 289.
733 1688 773 1719 De
794 1691 901 1720 sancto
922 1690 1078 1721 Udalrico.

411 1778 526 1810 Sancte
552 1778 679 1817 praesul
707 1778 798 1815 bone,
825 1780 1011 1812 miserorum
1038 1780 1102 1813 fide
1128 1786 1274 1824 patrone,

411 1826 563 1858 Udalrice
588 1831 677 1864 grate
705 1826 823 1858 Christi
847 1828 997 1868 pugilque
1023 1829 1116 1860 beate

410 1874 535 1905 Nobilis
562 1877 593 1904 et
616 1874 717 1911 miles,
744 1878 833 1906 actus
859 1876 986 1908 omnino
1012 1877 1122 1909 viriles

411 1922 469 1960 Qui
495 1920 660 1960 perfecisti
686 1931 829 1961 pugnans
856 1932 914 1962 pro
940 1925 1064 1956 nomine
1091 1926 1212 1958 Christi

351 1973 382 2003 5,
409 1969 474 2001 Sub
501 1968 622 2000 floridis
648 1970 756 2009 armis,
783 1979 852 2000 cum
879 1972 982 2003 saevis
1007 1981 1122 2012 nempe
1148 1976 1307 2017 tyrannis,

409 2018 492 2056 Quos
518 2022 552 2048 tu
579 2017 693 2055 vicisti,
719 2017 793 2048 licet
819 2027 935 2057 aspera
959 2020 1060 2051 multa
1085 2021 1198 2054 tulisti.

409 2065 434 2096 O
460 2065 588 2104 praesul
612 2065 707 2106 mitis,
735 2065 856 2104 palmes
884 2076 977 2098 verae
1003 2077 1126 2108 quoque
1152 2070 1237 2109 vitis,

409 2112 543 2143 Nomine
567 2121 625 2152 pro
652 2112 770 2144 Christi
795 2123 907 2152 passus
933 2116 987 2154 qui
1012 2116 1113 2147 multa
1139 2115 1238 2159 fuisti,

409 2160 503 2198 Ecce,
530 2160 744 2202 triumphasti,
772 2165 901 2192 cunctos
927 2162 1034 2194 hostes
1061 2166 1221 2204 superasti

330 2209 385 2241 10.
412 2207 565 2247 Nuncque
590 2208 774 2239 jucundaris
799 2209 905 2248 aliqua
929 2219 988 2242 nec
1013 2211 1097 2243 mole
1122 2214 1276 2252 gravaris,

410 2255 613 2295 Conregnans
638 2256 741 2287 laetus
767 2255 894 2288 Christo
920 2258 988 2289 sine
1013 2258 1077 2290 fine
1102 2260 1238 2299 quietus,

410 2303 481 2343 Eia,
509 2303 692 2345 praedigne,
719 2304 782 2343 pie,
810 2304 957 2344 clemens,
983 2306 1084 2346 large,
1109 2307 1256 2348 benigne,

411 2350 458 2382 Ob
485 2351 603 2383 Christi
629 2360 752 2390 nomen,
779 2361 838 2391 per
862 2353 947 2392 quod
973 2354 1104 2386 sortitus
1130 2364 1163 2386 es
1188 2364 1280 2390 omen

410 2398 504 2430 Tanti
531 2399 671 2430 dulcoris
696 2403 728 2430 et
753 2400 821 2430 veri
847 2401 970 2433 culmen
997 2402 1137 2445 honoris,
