<?xml version="1.0" encoding="UTF-8"?>
<!DOCTYPE html PUBLIC "-//W3C//DTD XHTML 1.0 Transitional//EN"
    "http://www.w3.org/TR/xhtml1/DTD/xhtml1-transitional.dtd">
<html xmlns="http://www.w3.org/1999/xhtml" xml:lang="en" lang="en">
 <head>
  <title>
</title>
<meta http-equiv="Content-Type" content="text/html;charset=utf-8" />
  <meta name='ocr-system' content='tesseract 3.04.00' />
  <meta name='ocr-capabilities' content='ocr_page ocr_carea ocr_par ocr_line ocrx_word'/>
</head>
<body>
  <div class='ocr_page' id='page_1' title='image "./analectahymnica46drevuoft/analectahymnica46drevuoft_0299.png"; bbox 0 0 1651 2680; ppageno 0'>
   <div class='ocr_carea' id='block_1_1' title="bbox 687 73 945 108">
    <p class='ocr_par' dir='ltr' id='par_1_1' title="bbox 687 73 945 108">
     <span class='ocr_line' id='line_1_1' title="bbox 687 73 945 108; baseline 0.004 -1"><span class='ocrx_word' id='word_1_1' title='bbox 687 73 945 108; x_wconf 76' lang='lat'>-296—</span> 
     </span>
    </p>
   </div>
   <div class='ocr_carea' id='block_1_2' title="bbox 578 203 1066 243">
    <p class='ocr_par' dir='ltr' id='par_1_2' title="bbox 578 203 1066 243">
     <span class='ocr_line' id='line_1_2' title="bbox 578 203 1066 243; baseline -0.002 -9"><span class='ocrx_word' id='word_1_2' title='bbox 578 203 637 234; x_wconf 78' lang='lat'><strong>271.</strong></span> <span class='ocrx_word' id='word_1_3' title='bbox 678 205 721 236; x_wconf 79' lang='lat' dir='ltr'>De</span> <span class='ocrx_word' id='word_1_4' title='bbox 743 205 853 236; x_wconf 79' lang='lat' dir='ltr'>sancta</span> <span class='ocrx_word' id='word_1_5' title='bbox 874 203 1066 243; x_wconf 70' lang='lat' dir='ltr'>margareta.</span> 
     </span>
    </p>
   </div>
   <div class='ocr_carea' id='block_1_3' title="bbox 171 301 1396 590">
    <p class='ocr_par' dir='ltr' id='par_1_3' title="bbox 171 301 1396 590">
     <span class='ocr_line' id='line_1_3' title="bbox 172 301 1396 342; baseline -0.002 -7"><span class='ocrx_word' id='word_1_6' title='bbox 172 304 200 335; x_wconf 91' lang='lat'>1.</span> <span class='ocrx_word' id='word_1_7' title='bbox 230 302 353 342; x_wconf 82' lang='lat' dir='ltr'>Gaude,</span> <span class='ocrx_word' id='word_1_8' title='bbox 381 301 484 333; x_wconf 88' lang='lat' dir='ltr'>dulcis</span> <span class='ocrx_word' id='word_1_9' title='bbox 510 301 705 342; x_wconf 82' lang='lat' dir='ltr'>Margareta,</span> <span class='ocrx_word' id='word_1_10' title='bbox 853 303 884 336; x_wconf 88' lang='lat'>3.</span> <span class='ocrx_word' id='word_1_11' title='bbox 912 301 1035 340; x_wconf 80' lang='lat' dir='ltr'>Gaude,</span> <span class='ocrx_word' id='word_1_12' title='bbox 1065 303 1104 334; x_wconf 87' lang='lat' dir='ltr'>de</span> <span class='ocrx_word' id='word_1_13' title='bbox 1130 301 1218 334; x_wconf 85' lang='lat' dir='ltr'>caelo</span> <span class='ocrx_word' id='word_1_14' title='bbox 1244 303 1396 333; x_wconf 82' lang='lat' dir='ltr'>coronata</span> 
     </span>
     <span class='ocr_line' id='line_1_4' title="bbox 231 349 1263 389; baseline 0.001 -10"><span class='ocrx_word' id='word_1_15' title='bbox 231 350 325 389; x_wconf 74' lang='lat' dir='ltr'>Virgo</span> <span class='ocrx_word' id='word_1_16' title='bbox 352 350 447 381; x_wconf 85' lang='lat' dir='ltr'>rebus</span> <span class='ocrx_word' id='word_1_17' title='bbox 472 349 644 389; x_wconf 81' lang='lat' dir='ltr'>locupleta,</span> <span class='ocrx_word' id='word_1_18' title='bbox 916 350 959 382; x_wconf 81' lang='lat' dir='ltr'>Et</span> <span class='ocrx_word' id='word_1_19' title='bbox 984 359 1112 381; x_wconf 83' lang='lat' dir='ltr'>carcere</span> <span class='ocrx_word' id='word_1_20' title='bbox 1133 350 1263 381; x_wconf 84' lang='lat' dir='ltr'>visitata</span> 
     </span>
     <span class='ocr_line' id='line_1_5' title="bbox 275 396 1294 438; baseline 0 -10"><span class='ocrx_word' id='word_1_21' title='bbox 275 397 415 437; x_wconf 85' lang='lat' dir='ltr'>Fulgens</span> <span class='ocrx_word' id='word_1_22' title='bbox 442 396 499 429; x_wconf 82' lang='lat' dir='ltr'>sub</span> <span class='ocrx_word' id='word_1_23' title='bbox 526 396 692 436; x_wconf 91' lang='lat' dir='ltr'>Olimbrio,</span> <span class='ocrx_word' id='word_1_24' title='bbox 964 397 1016 430; x_wconf 87' lang='lat' dir='ltr'>Ab</span> <span class='ocrx_word' id='word_1_25' title='bbox 1042 397 1147 438; x_wconf 88' lang='lat' dir='ltr'>augeli</span> <span class='ocrx_word' id='word_1_26' title='bbox 1172 398 1294 429; x_wconf 87' lang='lat' dir='ltr'>nuntio.</span> 
     </span>
     <span class='ocr_line' id='line_1_6' title="bbox 171 501 1334 542; baseline -0.002 -8"><span class='ocrx_word' id='word_1_27' title='bbox 171 505 201 536; x_wconf 77' lang='lat'>23.</span> <span class='ocrx_word' id='word_1_28' title='bbox 230 502 355 541; x_wconf 84' lang='lat' dir='ltr'>Gaude,</span> <span class='ocrx_word' id='word_1_29' title='bbox 382 502 582 541; x_wconf 80' lang='lat' dir='ltr'>triumphans</span> <span class='ocrx_word' id='word_1_30' title='bbox 604 501 784 540; x_wconf 81' lang='lat' dir='ltr'>draconem,</span> <span class='ocrx_word' id='word_1_31' title='bbox 857 506 889 536; x_wconf 84' lang='lat'>4.</span> <span class='ocrx_word' id='word_1_32' title='bbox 917 503 1040 542; x_wconf 83' lang='lat' dir='ltr'><strong>Gaude,</strong></span> <span class='ocrx_word' id='word_1_33' title='bbox 1066 506 1130 535; x_wconf 91' lang='lat' dir='ltr'>tres</span> <span class='ocrx_word' id='word_1_34' title='bbox 1157 503 1243 534; x_wconf 89' lang='lat' dir='ltr'>mille</span> <span class='ocrx_word' id='word_1_35' title='bbox 1269 501 1334 533; x_wconf 88' lang='lat' dir='ltr'>diei</span> 
     </span>
     <span class='ocr_line' id='line_1_7' title="bbox 229 550 1330 590; baseline 0 -9"><span class='ocrx_word' id='word_1_36' title='bbox 229 551 335 582; x_wconf 88' lang='lat' dir='ltr'>Alium</span> <span class='ocrx_word' id='word_1_37' title='bbox 361 559 484 590; x_wconf 88' lang='lat' dir='ltr'>quoque</span> <span class='ocrx_word' id='word_1_38' title='bbox 512 550 696 582; x_wconf 83' lang='lat' dir='ltr'>daemonem</span> <span class='ocrx_word' id='word_1_39' title='bbox 917 552 1074 583; x_wconf 86' lang='lat' dir='ltr'>Personas</span> <span class='ocrx_word' id='word_1_40' title='bbox 1099 554 1229 582; x_wconf 84' lang='lat' dir='ltr'>sanctae</span> <span class='ocrx_word' id='word_1_41' title='bbox 1254 550 1330 582; x_wconf 92' lang='lat' dir='ltr'>fidei</span> 
     </span>
    </p>
   </div>
   <div class='ocr_carea' id='block_1_4' title="bbox 277 598 1392 637">
    <p class='ocr_par' dir='ltr' id='par_1_4' title="bbox 277 598 1392 637">
     <span class='ocr_line' id='line_1_8' title="bbox 277 598 1392 637; baseline -0.001 -5"><span class='ocrx_word' id='word_1_42' title='bbox 277 598 396 632; x_wconf 85' lang='lat' dir='ltr'><strong>Christi</strong></span> <span class='ocrx_word' id='word_1_43' title='bbox 422 598 612 630; x_wconf 83' lang='lat' dir='ltr'>adiuotorio.</span> <span class='ocrx_word' id='word_1_44' title='bbox 965 599 1160 631; x_wconf 83' lang='lat' dir='ltr'>Convertens</span> <span class='ocrx_word' id='word_1_45' title='bbox 1186 599 1253 630; x_wconf 89' lang='lat' dir='ltr'>eius</span> <span class='ocrx_word' id='word_1_46' title='bbox 1278 598 1392 637; x_wconf 82' lang='lat' dir='ltr'>gratia.</span> 
     </span>
    </p>
   </div>
   <div class='ocr_carea' id='block_1_5' title="bbox 496 702 1098 837">
    <p class='ocr_par' dir='ltr' id='par_1_5' title="bbox 496 702 1098 837">
     <span class='ocr_line' id='line_1_9' title="bbox 496 702 1098 743; baseline -0.002 -9"><span class='ocrx_word' id='word_1_47' title='bbox 496 705 526 734; x_wconf 87' lang='lat'>5.</span> <span class='ocrx_word' id='word_1_48' title='bbox 554 702 676 741; x_wconf 88' lang='lat' dir='ltr'>Gaude,</span> <span class='ocrx_word' id='word_1_49' title='bbox 703 705 776 742; x_wconf 89' lang='lat' dir='ltr'>post</span> <span class='ocrx_word' id='word_1_50' title='bbox 801 711 913 743; x_wconf 80' lang='lat' dir='ltr'>preces</span> <span class='ocrx_word' id='word_1_51' title='bbox 940 703 1098 735; x_wconf 82' lang='lat' dir='ltr'>decollata</span> 
     </span>
     <span class='ocr_line' id='line_1_10' title="bbox 554 751 990 790; baseline 0.002 -8"><span class='ocrx_word' id='word_1_52' title='bbox 554 752 660 788; x_wconf 82' lang='lat' dir='ltr'>Atque</span> <span class='ocrx_word' id='word_1_53' title='bbox 686 759 745 790; x_wconf 89' lang='lat' dir='ltr'>per</span> <span class='ocrx_word' id='word_1_54' title='bbox 769 752 898 790; x_wconf 79' lang='lat' dir='ltr'>angelos</span> <span class='ocrx_word' id='word_1_55' title='bbox 925 751 990 783; x_wconf 81' lang='lat' dir='ltr'>lata</span> 
     </span>
     <span class='ocr_line' id='line_1_11' title="bbox 602 797 919 837; baseline 0.006 -9"><span class='ocrx_word' id='word_1_56' title='bbox 602 798 655 828; x_wconf 85' lang='lat' dir='ltr'>Ad</span> <span class='ocrx_word' id='word_1_57' title='bbox 682 797 760 829; x_wconf 87' lang='lat' dir='ltr'>caeli</span> <span class='ocrx_word' id='word_1_58' title='bbox 788 799 919 837; x_wconf 83' lang='lat' dir='ltr'>palatia.</span> 
     </span>
    </p>
   </div>
   <div class='ocr_carea' id='block_1_6' title="bbox 1226 743 1245 765">
    <p class='ocr_par' dir='ltr' id='par_1_6' title="bbox 1226 743 1245 765">
     <span class='ocr_line' id='line_1_12' title="bbox 1226 743 1245 765; baseline 0 0"><span class='ocrx_word' id='word_1_59' title='bbox 1226 743 1245 765; x_wconf 84' lang='grc' dir='ltr'><em>Ι</em></span> 
     </span>
    </p>
   </div>
   <div class='ocr_carea' id='block_1_7' title="bbox 161 900 1472 1015">
    <p class='ocr_par' dir='ltr' id='par_1_7' title="bbox 161 900 1472 1015">
     <span class='ocr_line' id='line_1_13' title="bbox 235 900 1472 937; baseline 0 -9"><span class='ocrx_word' id='word_1_60' title='bbox 235 903 304 929; x_wconf 77' lang='lat' dir='ltr'>Vita</span> <span class='ocrx_word' id='word_1_61' title='bbox 331 911 384 928; x_wconf 84' lang='lat' dir='ltr'>ms.</span> <span class='ocrx_word' id='word_1_62' title='bbox 411 904 438 929; x_wconf 66' lang='lat' dir='ltr'>S</span> <span class='ocrx_word' id='word_1_63' title='bbox 466 901 651 936; x_wconf 78' lang='lat' dir='ltr'>Margaretae</span> <span class='ocrx_word' id='word_1_64' title='bbox 677 911 751 930; x_wconf 80' lang='lat' dir='ltr'>saec.</span> <span class='ocrx_word' id='word_1_65' title='bbox 781 901 823 929; x_wconf 82' lang='lat'>15.</span> <span class='ocrx_word' id='word_1_66' title='bbox 871 902 942 928; x_wconf 79' lang='lat' dir='ltr'>Cod.</span> <span class='ocrx_word' id='word_1_67' title='bbox 972 904 1163 937; x_wconf 74' lang='lat' dir='ltr'>Rotomagen.</span> <span class='ocrx_word' id='word_1_68' title='bbox 1184 900 1259 929; x_wconf 77' lang='lat'>1434</span> <span class='ocrx_word' id='word_1_69' title='bbox 1277 901 1315 934; x_wconf 82' lang='lat' dir='ltr'>(U</span> <span class='ocrx_word' id='word_1_70' title='bbox 1338 900 1413 935; x_wconf 79' lang='grc'><strong>146),</strong></span> <span class='ocrx_word' id='word_1_71' title='bbox 1435 917 1472 921; x_wconf 90' lang='lat'>—-</span> 
     </span>
     <span class='ocr_line' id='line_1_14' title="bbox 164 938 1472 976; baseline 0 -9"><span class='ocrx_word' id='word_1_72' title='bbox 164 941 193 971; x_wconf 76' lang='grc'>1,</span> <span class='ocrx_word' id='word_1_73' title='bbox 219 939 231 966; x_wconf 94' lang='lat' dir='ltr'>l</span> <span class='ocrx_word' id='word_1_74' title='bbox 254 942 450 976; x_wconf 74' lang='lat' dir='ltr'>Marguareta.</span> <span class='ocrx_word' id='word_1_75' title='bbox 473 954 508 957; x_wconf 88' lang='lat'>—</span> <span class='ocrx_word' id='word_1_76' title='bbox 534 940 563 970; x_wconf 75' lang='grc'>1,</span> <span class='ocrx_word' id='word_1_77' title='bbox 587 940 603 966; x_wconf 75' lang='grc'>2</span> <span class='ocrx_word' id='word_1_78' title='bbox 625 941 715 975; x_wconf 75' lang='lat' dir='ltr'>Virgo</span> <span class='ocrx_word' id='word_1_79' title='bbox 737 942 833 975; x_wconf 68' lang='lat' dir='ltr'>vergis</span> <span class='ocrx_word' id='word_1_80' title='bbox 855 942 997 975; x_wconf 77' lang='lat' dir='ltr'>laprenta.</span> <span class='ocrx_word' id='word_1_81' title='bbox 1017 955 1054 959; x_wconf 97' lang='lat'>—</span> <span class='ocrx_word' id='word_1_82' title='bbox 1074 940 1106 972; x_wconf 85' lang='lat'>4,</span> <span class='ocrx_word' id='word_1_83' title='bbox 1128 939 1146 967; x_wconf 83' lang='lat'>2</span> <span class='ocrx_word' id='word_1_84' title='bbox 1167 941 1323 968; x_wconf 83' lang='lat' dir='ltr'>Personae.</span> <span class='ocrx_word' id='word_1_85' title='bbox 1343 954 1379 959; x_wconf 91' lang='lat'>·—</span> <span class='ocrx_word' id='word_1_86' title='bbox 1399 938 1431 973; x_wconf 83' lang='lat'>4,</span> <span class='ocrx_word' id='word_1_87' title='bbox 1455 938 1472 967; x_wconf 85' lang='lat'>3</span> 
     </span>
     <span class='ocr_line' id='line_1_15' title="bbox 161 977 906 1015; baseline -0.001 -9"><span class='ocrx_word' id='word_1_88' title='bbox 161 982 353 1006; x_wconf 66' lang='lat' dir='ltr'>convertans.</span> <span class='ocrx_word' id='word_1_89' title='bbox 375 993 411 997; x_wconf 91' lang='lat'>—</span> <span class='ocrx_word' id='word_1_90' title='bbox 433 978 458 1009; x_wconf 73' lang='lat'>5,</span> <span class='ocrx_word' id='word_1_91' title='bbox 481 977 498 1004; x_wconf 75' lang='grc'>2</span> <span class='ocrx_word' id='word_1_92' title='bbox 519 979 683 1014; x_wconf 78' lang='lat' dir='ltr'>Animaque</span> <span class='ocrx_word' id='word_1_93' title='bbox 705 986 756 1014; x_wconf 85' lang='lat' dir='ltr'>per</span> <span class='ocrx_word' id='word_1_94' title='bbox 778 979 906 1015; x_wconf 76' lang='lat' dir='ltr'>angelos.</span> 
     </span>
    </p>
   </div>
   <div class='ocr_carea' id='block_1_8' title="bbox 595 1128 1036 1160">
    <p class='ocr_par' dir='ltr' id='par_1_8' title="bbox 595 1128 1036 1160">
     <span class='ocr_line' id='line_1_16' title="bbox 595 1128 1036 1160; baseline 0.002 -2"><span class='ocrx_word' id='word_1_95' title='bbox 595 1128 660 1159; x_wconf 79' lang='lat'>272.</span> <span class='ocrx_word' id='word_1_96' title='bbox 702 1130 742 1159; x_wconf 88' lang='lat' dir='ltr'>De</span> <span class='ocrx_word' id='word_1_97' title='bbox 764 1133 871 1160; x_wconf 85' lang='lat' dir='ltr'>sancto</span> <span class='ocrx_word' id='word_1_98' title='bbox 892 1128 1036 1159; x_wconf 81' lang='lat' dir='ltr'>Mar-tino.</span> 
     </span>
    </p>
   </div>
   <div class='ocr_carea' id='block_1_9' title="bbox 248 1227 1262 2268">
    <p class='ocr_par' dir='ltr' id='par_1_9' title="bbox 248 1227 1262 2268">
     <span class='ocr_line' id='line_1_17' title="bbox 333 1227 1138 1266; baseline 0.001 -8"><span class='ocrx_word' id='word_1_99' title='bbox 333 1227 520 1258; x_wconf 87' lang='lat' dir='ltr'>Pontificum</span> <span class='ocrx_word' id='word_1_100' title='bbox 547 1228 689 1259; x_wconf 85' lang='lat' dir='ltr'>Martine</span> <span class='ocrx_word' id='word_1_101' title='bbox 715 1228 821 1264; x_wconf 74' lang='lat' dir='ltr'>decus,</span> <span class='ocrx_word' id='word_1_102' title='bbox 848 1227 989 1259; x_wconf 81' lang='lat' dir='ltr'>Martiue</span> <span class='ocrx_word' id='word_1_103' title='bbox 1015 1227 1138 1266; x_wconf 87' lang='lat' dir='ltr'>piorum</span> 
     </span>
     <span class='ocr_line' id='line_1_18' title="bbox 380 1274 1037 1314; baseline 0.003 -9"><span class='ocrx_word' id='word_1_104' title='bbox 380 1274 501 1314; x_wconf 88' lang='lat' dir='ltr'>Gloria,</span> <span class='ocrx_word' id='word_1_105' title='bbox 530 1275 680 1310; x_wconf 78' lang='lat' dir='ltr'>martine,</span> <span class='ocrx_word' id='word_1_106' title='bbox 708 1275 778 1306; x_wconf 86' lang='lat' dir='ltr'>fons</span> <span class='ocrx_word' id='word_1_107' title='bbox 803 1275 943 1314; x_wconf 67' lang='lat' dir='ltr'>pietatis,</span> <span class='ocrx_word' id='word_1_108' title='bbox 969 1283 1037 1307; x_wconf 81' lang='lat' dir='ltr'>ave.</span> 
     </span>
     <span class='ocr_line' id='line_1_19' title="bbox 335 1321 1253 1363; baseline 0.002 -11"><span class='ocrx_word' id='word_1_109' title='bbox 335 1322 466 1353; x_wconf 85' lang='lat' dir='ltr'>Praesul</span> <span class='ocrx_word' id='word_1_110' title='bbox 492 1331 559 1363; x_wconf 85' lang='lat' dir='ltr'>ave,</span> <span class='ocrx_word' id='word_1_111' title='bbox 589 1321 680 1353; x_wconf 89' lang='lat' dir='ltr'>iubar</span> <span class='ocrx_word' id='word_1_112' title='bbox 706 1322 869 1357; x_wconf 77' lang='lat' dir='ltr'>eeclesiae,</span> <span class='ocrx_word' id='word_1_113' title='bbox 897 1321 954 1353; x_wconf 89' lang='lat' dir='ltr'>flos</span> <span class='ocrx_word' id='word_1_114' title='bbox 980 1322 1112 1363; x_wconf 72' lang='lat' dir='ltr'>ordinis,</span> <span class='ocrx_word' id='word_1_115' title='bbox 1142 1321 1253 1356; x_wconf 84' lang='lat' dir='ltr'>hortus</span> 
     </span>
     <span class='ocr_line' id='line_1_20' title="bbox 382 1369 1015 1411; baseline 0 -11"><span class='ocrx_word' id='word_1_116' title='bbox 382 1370 553 1411; x_wconf 83' lang='lat' dir='ltr'>Virtutum,</span> <span class='ocrx_word' id='word_1_117' title='bbox 582 1378 691 1401; x_wconf 80' lang='lat' dir='ltr'>sacrae</span> <span class='ocrx_word' id='word_1_118' title='bbox 718 1369 879 1409; x_wconf 82' lang='lat' dir='ltr'>religionis</span> <span class='ocrx_word' id='word_1_119' title='bbox 906 1369 1015 1401; x_wconf 90' lang='lat' dir='ltr'>honor.</span> 
     </span>
     <span class='ocr_line' id='line_1_21' title="bbox 278 1417 1176 1457; baseline 0 -9"><span class='ocrx_word' id='word_1_120' title='bbox 278 1420 308 1449; x_wconf 85' lang='grc'>5.</span> <span class='ocrx_word' id='word_1_121' title='bbox 339 1417 395 1447; x_wconf 89' lang='lat' dir='ltr'>Vir</span> <span class='ocrx_word' id='word_1_122' title='bbox 419 1417 540 1448; x_wconf 82' lang='lat' dir='ltr'>meritis</span> <span class='ocrx_word' id='word_1_123' title='bbox 566 1417 708 1457; x_wconf 79' lang='lat' dir='ltr'>insignis,</span> <span class='ocrx_word' id='word_1_124' title='bbox 735 1426 805 1457; x_wconf 84' lang='lat' dir='ltr'>ave,</span> <span class='ocrx_word' id='word_1_125' title='bbox 832 1417 884 1456; x_wconf 91' lang='lat' dir='ltr'>qui</span> <span class='ocrx_word' id='word_1_126' title='bbox 911 1417 984 1447; x_wconf 90' lang='lat' dir='ltr'>dote</span> <span class='ocrx_word' id='word_1_127' title='bbox 1010 1418 1176 1456; x_wconf 85' lang='lat' dir='ltr'>prophetis</span> 
     </span>
     <span class='ocr_line' id='line_1_22' title="bbox 383 1463 1148 1505; baseline 0.003 -10"><span class='ocrx_word' id='word_1_128' title='bbox 383 1464 427 1495; x_wconf 87' lang='lat' dir='ltr'>Es</span> <span class='ocrx_word' id='word_1_129' title='bbox 454 1474 523 1505; x_wconf 82' lang='lat' dir='ltr'>par,</span> <span class='ocrx_word' id='word_1_130' title='bbox 551 1465 601 1496; x_wconf 89' lang='lat' dir='ltr'>cui</span> <span class='ocrx_word' id='word_1_131' title='bbox 627 1464 781 1496; x_wconf 83' lang='lat' dir='ltr'>Dominus</span> <span class='ocrx_word' id='word_1_132' title='bbox 807 1466 889 1495; x_wconf 84' lang='lat' dir='ltr'>scire</span> <span class='ocrx_word' id='word_1_133' title='bbox 916 1463 1021 1495; x_wconf 81' lang='lat' dir='ltr'>futura</span> <span class='ocrx_word' id='word_1_134' title='bbox 1049 1465 1148 1498; x_wconf 88' lang='lat' dir='ltr'>dedit.</span> 
     </span>
     <span class='ocr_line' id='line_1_23' title="bbox 335 1512 1249 1552; baseline 0.003 -10"><span class='ocrx_word' id='word_1_135' title='bbox 335 1512 393 1550; x_wconf 83' lang='lat' dir='ltr'>Qui</span> <span class='ocrx_word' id='word_1_136' title='bbox 421 1512 675 1552; x_wconf 80' lang='lat' dir='ltr'>patriarcharum</span> <span class='ocrx_word' id='word_1_137' title='bbox 703 1520 806 1543; x_wconf 90' lang='lat' dir='ltr'>comes</span> <span class='ocrx_word' id='word_1_138' title='bbox 833 1521 875 1547; x_wconf 78' lang='lat' dir='ltr'>es,</span> <span class='ocrx_word' id='word_1_139' title='bbox 903 1512 955 1550; x_wconf 90' lang='lat' dir='ltr'>qui</span> <span class='ocrx_word' id='word_1_140' title='bbox 983 1513 1130 1551; x_wconf 84' lang='lat' dir='ltr'>dogmate</span> <span class='ocrx_word' id='word_1_141' title='bbox 1157 1522 1249 1545; x_wconf 85' lang='lat' dir='ltr'>sacro</span> 
     </span>
     <span class='ocr_line' id='line_1_24' title="bbox 381 1559 1105 1599; baseline 0.003 -9"><span class='ocrx_word' id='word_1_142' title='bbox 381 1559 426 1590; x_wconf 89' lang='lat' dir='ltr'>Es</span> <span class='ocrx_word' id='word_1_143' title='bbox 454 1563 546 1599; x_wconf 75' lang='lat' dir='ltr'>pater</span> <span class='ocrx_word' id='word_1_144' title='bbox 571 1564 601 1590; x_wconf 91' lang='lat' dir='ltr'>et</span> <span class='ocrx_word' id='word_1_145' title='bbox 627 1568 760 1597; x_wconf 76' lang='lat' dir='ltr'>generas</span> <span class='ocrx_word' id='word_1_146' title='bbox 784 1560 871 1591; x_wconf 88' lang='lat' dir='ltr'>milia</span> <span class='ocrx_word' id='word_1_147' title='bbox 898 1560 1009 1598; x_wconf 84' lang='lat' dir='ltr'>prolis,</span> <span class='ocrx_word' id='word_1_148' title='bbox 1035 1569 1105 1592; x_wconf 82' lang='lat' dir='ltr'>ave.</span> 
     </span>
     <span class='ocr_line' id='line_1_25' title="bbox 335 1607 1175 1647; baseline 0.002 -10"><span class='ocrx_word' id='word_1_149' title='bbox 335 1607 430 1645; x_wconf 85' lang='lat' dir='ltr'>Quem</span> <span class='ocrx_word' id='word_1_150' title='bbox 457 1615 515 1638; x_wconf 84' lang='lat' dir='ltr'>nec</span> <span class='ocrx_word' id='word_1_151' title='bbox 540 1607 715 1647; x_wconf 84' lang='lat' dir='ltr'>apostolico</span> <span class='ocrx_word' id='word_1_152' title='bbox 741 1607 879 1645; x_wconf 79' lang='lat' dir='ltr'>primatu</span> <span class='ocrx_word' id='word_1_153' title='bbox 904 1607 998 1638; x_wconf 85' lang='lat' dir='ltr'>laude</span> <span class='ocrx_word' id='word_1_154' title='bbox 1023 1608 1175 1640; x_wconf 87' lang='lat' dir='ltr'>minorem</span> 
     </span>
     <span class='ocr_line' id='line_1_26' title="bbox 248 1653 1098 1696; baseline -0.001 -8"><span class='ocrx_word' id='word_1_155' title='bbox 248 1656 305 1688; x_wconf 92' lang='lat'>10.</span> <span class='ocrx_word' id='word_1_156' title='bbox 381 1654 549 1686; x_wconf 76' lang='lat' dir='ltr'>praedicat</span> <span class='ocrx_word' id='word_1_157' title='bbox 575 1655 718 1696; x_wconf 83' lang='lat' dir='ltr'>ecclesia,</span> <span class='ocrx_word' id='word_1_158' title='bbox 746 1653 879 1693; x_wconf 83' lang='lat' dir='ltr'>signifer</span> <span class='ocrx_word' id='word_1_159' title='bbox 904 1655 1001 1690; x_wconf 78' lang='lat' dir='ltr'>orbis,</span> <span class='ocrx_word' id='word_1_160' title='bbox 1030 1665 1098 1688; x_wconf 80' lang='lat' dir='ltr'>ave.</span> 
     </span>
     <span class='ocr_line' id='line_1_27' title="bbox 331 1701 1205 1745; baseline 0.001 -11"><span class='ocrx_word' id='word_1_161' title='bbox 331 1701 529 1741; x_wconf 72' lang='lat' dir='ltr'>Martyribus</span> <span class='ocrx_word' id='word_1_162' title='bbox 555 1701 738 1740; x_wconf 83' lang='lat' dir='ltr'>conformis,</span> <span class='ocrx_word' id='word_1_163' title='bbox 762 1711 830 1739; x_wconf 71' lang='lat' dir='ltr'>ave,</span> <span class='ocrx_word' id='word_1_164' title='bbox 856 1711 919 1734; x_wconf 90' lang='lat' dir='ltr'>non</span> <span class='ocrx_word' id='word_1_165' title='bbox 944 1704 1097 1743; x_wconf 73' lang='lat' dir='ltr'>sanguine</span> <span class='ocrx_word' id='word_1_166' title='bbox 1123 1703 1205 1745; x_wconf 81' lang='lat' dir='ltr'>fuso,</span> 
     </span>
     <span class='ocr_line' id='line_1_28' title="bbox 379 1750 1183 1790; baseline 0.004 -9"><span class='ocrx_word' id='word_1_167' title='bbox 379 1750 441 1781; x_wconf 88' lang='lat' dir='ltr'>Sed</span> <span class='ocrx_word' id='word_1_168' title='bbox 468 1754 572 1781; x_wconf 82' lang='lat' dir='ltr'>tamen</span> <span class='ocrx_word' id='word_1_169' title='bbox 598 1750 726 1781; x_wconf 83' lang='lat' dir='ltr'>assidua</span> <span class='ocrx_word' id='word_1_170' title='bbox 751 1750 809 1780; x_wconf 88' lang='lat' dir='ltr'>sub</span> <span class='ocrx_word' id='word_1_171' title='bbox 834 1758 927 1781; x_wconf 89' lang='lat' dir='ltr'>cruce</span> <span class='ocrx_word' id='word_1_172' title='bbox 954 1755 1077 1790; x_wconf 81' lang='lat' dir='ltr'>martyr</span> <span class='ocrx_word' id='word_1_173' title='bbox 1103 1761 1183 1784; x_wconf 82' lang='lat' dir='ltr'>eraS.</span> 
     </span>
     <span class='ocr_line' id='line_1_29' title="bbox 331 1796 1189 1838; baseline 0.001 -9"><span class='ocrx_word' id='word_1_174' title='bbox 331 1797 408 1830; x_wconf 85' lang='lat' dir='ltr'>Flos</span> <span class='ocrx_word' id='word_1_175' title='bbox 435 1796 660 1838; x_wconf 84' lang='lat' dir='ltr'>confessorum,</span> <span class='ocrx_word' id='word_1_176' title='bbox 688 1797 809 1829; x_wconf 84' lang='lat' dir='ltr'>meritis</span> <span class='ocrx_word' id='word_1_177' title='bbox 835 1798 1004 1837; x_wconf 83' lang='lat' dir='ltr'>praedives</span> <span class='ocrx_word' id='word_1_178' title='bbox 1031 1803 1063 1830; x_wconf 90' lang='lat' dir='ltr'>et</span> <span class='ocrx_word' id='word_1_179' title='bbox 1088 1799 1189 1832; x_wconf 87' lang='lat' dir='ltr'>omnis</span> 
     </span>
     <span class='ocr_line' id='line_1_30' title="bbox 381 1845 991 1885; baseline 0.002 -8"><span class='ocrx_word' id='word_1_180' title='bbox 381 1846 510 1877; x_wconf 80' lang='lat' dir='ltr'>Ordinis</span> <span class='ocrx_word' id='word_1_181' title='bbox 537 1845 629 1876; x_wconf 83' lang='lat' dir='ltr'>electi</span> <span class='ocrx_word' id='word_1_182' title='bbox 655 1846 709 1876; x_wconf 84' lang='lat' dir='ltr'>lux</span> <span class='ocrx_word' id='word_1_183' title='bbox 735 1846 896 1885; x_wconf 83' lang='lat' dir='ltr'>specialis,</span> <span class='ocrx_word' id='word_1_184' title='bbox 923 1855 991 1878; x_wconf 76' lang='lat' dir='ltr'>ave.</span> 
     </span>
     <span class='ocr_line' id='line_1_31' title="bbox 248 1893 1197 1934; baseline -0.001 -7"><span class='ocrx_word' id='word_1_185' title='bbox 248 1895 306 1927; x_wconf 84' lang='lat'>15.</span> <span class='ocrx_word' id='word_1_186' title='bbox 334 1893 544 1933; x_wconf 84' lang='lat' dir='ltr'>Virginitatis,</span> <span class='ocrx_word' id='word_1_187' title='bbox 572 1902 641 1931; x_wconf 86' lang='lat' dir='ltr'>ave,</span> <span class='ocrx_word' id='word_1_188' title='bbox 667 1893 840 1932; x_wconf 90' lang='lat' dir='ltr'>speculum,</span> <span class='ocrx_word' id='word_1_189' title='bbox 868 1902 959 1932; x_wconf 85' lang='lat' dir='ltr'>quem</span> <span class='ocrx_word' id='word_1_190' title='bbox 987 1894 1053 1926; x_wconf 83' lang='lat' dir='ltr'>vita</span> <span class='ocrx_word' id='word_1_191' title='bbox 1078 1894 1197 1934; x_wconf 84' lang='lat' dir='ltr'>pudica</span> 
     </span>
     <span class='ocr_line' id='line_1_32' title="bbox 380 1941 1084 1982; baseline 0.004 -10"><span class='ocrx_word' id='word_1_192' title='bbox 380 1941 563 1982; x_wconf 68' lang='lat' dir='ltr'>Virginibus</span> <span class='ocrx_word' id='word_1_193' title='bbox 588 1941 709 1972; x_wconf 84' lang='lat' dir='ltr'>meritis</span> <span class='ocrx_word' id='word_1_194' title='bbox 733 1941 942 1980; x_wconf 75' lang='lat' dir='ltr'>aequiperare</span> <span class='ocrx_word' id='word_1_195' title='bbox 968 1945 1084 1982; x_wconf 86' lang='lat' dir='ltr'>potest.</span> 
     </span>
     <span class='ocr_line' id='line_1_33' title="bbox 330 1989 1262 2029; baseline 0.002 -9"><span class='ocrx_word' id='word_1_196' title='bbox 330 1989 472 2029; x_wconf 85' lang='lat' dir='ltr'>Praesul,</span> <span class='ocrx_word' id='word_1_197' title='bbox 499 1998 568 2029; x_wconf 83' lang='lat' dir='ltr'>ave,</span> <span class='ocrx_word' id='word_1_198' title='bbox 594 1989 744 2020; x_wconf 88' lang='lat' dir='ltr'>miserere</span> <span class='ocrx_word' id='word_1_199' title='bbox 765 1989 837 2029; x_wconf 84' lang='lat' dir='ltr'>mei,</span> <span class='ocrx_word' id='word_1_200' title='bbox 864 1997 983 2021; x_wconf 87' lang='lat' dir='ltr'>mernor</span> <span class='ocrx_word' id='word_1_201' title='bbox 1009 1994 1076 2021; x_wconf 89' lang='lat' dir='ltr'>esto</span> <span class='ocrx_word' id='word_1_202' title='bbox 1102 1990 1262 2029; x_wconf 83' lang='lat' dir='ltr'>precantis</span> 
     </span>
     <span class='ocr_line' id='line_1_34' title="bbox 378 2036 1015 2077; baseline 0.002 -9"><span class='ocrx_word' id='word_1_203' title='bbox 378 2037 423 2068; x_wconf 89' lang='lat' dir='ltr'>Te</span> <span class='ocrx_word' id='word_1_204' title='bbox 448 2037 568 2077; x_wconf 88' lang='lat' dir='ltr'>miseri,</span> <span class='ocrx_word' id='word_1_205' title='bbox 595 2037 690 2068; x_wconf 87' lang='lat' dir='ltr'>solita</span> <span class='ocrx_word' id='word_1_206' title='bbox 714 2045 763 2067; x_wconf 88' lang='lat' dir='ltr'>me</span> <span class='ocrx_word' id='word_1_207' title='bbox 788 2037 906 2075; x_wconf 81' lang='lat' dir='ltr'>pietate</span> <span class='ocrx_word' id='word_1_208' title='bbox 933 2036 1015 2072; x_wconf 86' lang='lat' dir='ltr'>fove.</span> 
     </span>
     <span class='ocr_line' id='line_1_35' title="bbox 332 2085 1260 2130; baseline 0.002 -14"><span class='ocrx_word' id='word_1_209' title='bbox 332 2085 496 2117; x_wconf 88' lang='lat' dir='ltr'>Auxilium</span> <span class='ocrx_word' id='word_1_210' title='bbox 525 2085 664 2124; x_wconf 86' lang='lat' dir='ltr'>deposco</span> <span class='ocrx_word' id='word_1_211' title='bbox 690 2088 787 2121; x_wconf 89' lang='lat' dir='ltr'>tuum,</span> <span class='ocrx_word' id='word_1_212' title='bbox 814 2085 880 2116; x_wconf 87' lang='lat' dir='ltr'>scio</span> <span class='ocrx_word' id='word_1_213' title='bbox 906 2093 1051 2126; x_wconf 73' lang='lat' dir='ltr'>namque,</span> <span class='ocrx_word' id='word_1_214' title='bbox 1078 2091 1191 2126; x_wconf 84' lang='lat' dir='ltr'>potens</span> <span class='ocrx_word' id='word_1_215' title='bbox 1217 2096 1260 2130; x_wconf 87' lang='lat' dir='ltr'>es,</span> 
     </span>
     <span class='ocr_line' id='line_1_36' title="bbox 249 2130 1132 2174; baseline 0.001 -9"><span class='ocrx_word' id='word_1_216' title='bbox 249 2134 307 2166; x_wconf 85' lang='lat'>20.</span> <span class='ocrx_word' id='word_1_217' title='bbox 381 2134 466 2164; x_wconf 84' lang='lat' dir='ltr'>Ante</span> <span class='ocrx_word' id='word_1_218' title='bbox 491 2132 593 2164; x_wconf 87' lang='lat' dir='ltr'>Deum</span> <span class='ocrx_word' id='word_1_219' title='bbox 620 2130 715 2164; x_wconf 83' lang='lat' dir='ltr'>facile</span> <span class='ocrx_word' id='word_1_220' title='bbox 739 2141 882 2172; x_wconf 85' lang='lat' dir='ltr'>quaeque</span> <span class='ocrx_word' id='word_1_221' title='bbox 907 2134 1008 2171; x_wconf 86' lang='lat' dir='ltr'>petita</span> <span class='ocrx_word' id='word_1_222' title='bbox 1034 2134 1132 2174; x_wconf 88' lang='lat' dir='ltr'>capis.</span> 
     </span>
     <span class='ocr_line' id='line_1_37' title="bbox 331 2179 1191 2220; baseline 0 -8"><span class='ocrx_word' id='word_1_223' title='bbox 331 2180 392 2213; x_wconf 90' lang='lat' dir='ltr'>Pro</span> <span class='ocrx_word' id='word_1_224' title='bbox 418 2190 467 2212; x_wconf 90' lang='lat' dir='ltr'>me</span> <span class='ocrx_word' id='word_1_225' title='bbox 493 2179 591 2212; x_wconf 82' lang='lat' dir='ltr'>funde</span> <span class='ocrx_word' id='word_1_226' title='bbox 615 2189 738 2220; x_wconf 88' lang='lat' dir='ltr'>preces,</span> <span class='ocrx_word' id='word_1_227' title='bbox 765 2183 800 2210; x_wconf 87' lang='lat' dir='ltr'>ut</span> <span class='ocrx_word' id='word_1_228' title='bbox 825 2185 855 2211; x_wconf 85' lang='lat' dir='ltr'>te</span> <span class='ocrx_word' id='word_1_229' title='bbox 881 2186 1032 2220; x_wconf 85' lang='lat' dir='ltr'>poscente</span> <span class='ocrx_word' id='word_1_230' title='bbox 1057 2182 1191 2214; x_wconf 85' lang='lat' dir='ltr'>salutem</span> 
     </span>
     <span class='ocr_line' id='line_1_38' title="bbox 381 2228 1260 2268; baseline 0.002 -8"><span class='ocrx_word' id='word_1_231' title='bbox 381 2228 532 2268; x_wconf 88' lang='lat' dir='ltr'>Corporis</span> <span class='ocrx_word' id='word_1_232' title='bbox 558 2231 588 2259; x_wconf 89' lang='lat' dir='ltr'>et</span> <span class='ocrx_word' id='word_1_233' title='bbox 614 2228 728 2259; x_wconf 87' lang='lat' dir='ltr'>mentis</span> <span class='ocrx_word' id='word_1_234' title='bbox 755 2228 810 2260; x_wconf 84' lang='lat' dir='ltr'>det</span> <span class='ocrx_word' id='word_1_235' title='bbox 835 2228 912 2259; x_wconf 86' lang='lat' dir='ltr'>mihi</span> <span class='ocrx_word' id='word_1_236' title='bbox 938 2229 1095 2262; x_wconf 87' lang='lat' dir='ltr'>Christus.</span> <span class='ocrx_word' id='word_1_237' title='bbox 1148 2231 1260 2263; x_wconf 87' lang='lat' dir='ltr'>Amen.</span> 
     </span>
    </p>
   </div>
   <div class='ocr_carea' id='block_1_10' title="bbox 159 2330 1477 2410">
    <p class='ocr_par' dir='ltr' id='par_1_10' title="bbox 159 2330 1477 2410">
     <span class='ocr_line' id='line_1_39' title="bbox 235 2330 1477 2366; baseline 0.004 -6"><span class='ocrx_word' id='word_1_238' title='bbox 235 2331 355 2360; x_wconf 80' lang='lat' dir='ltr'>Collect.</span> <span class='ocrx_word' id='word_1_239' title='bbox 385 2341 437 2360; x_wconf 88' lang='lat' dir='ltr'>ms.</span> <span class='ocrx_word' id='word_1_240' title='bbox 466 2332 679 2361; x_wconf 85' lang='lat' dir='ltr'>Gemblacense</span> <span class='ocrx_word' id='word_1_241' title='bbox 706 2340 782 2359; x_wconf 85' lang='lat' dir='ltr'>saec.</span> <span class='ocrx_word' id='word_1_242' title='bbox 808 2330 850 2360; x_wconf 88' lang='lat'>13.</span> <span class='ocrx_word' id='word_1_243' title='bbox 893 2332 963 2359; x_wconf 80' lang='lat' dir='ltr'>cod.</span> <span class='ocrx_word' id='word_1_244' title='bbox 985 2333 1153 2362; x_wconf 83' lang='lat' dir='ltr'>Bruxelleu.</span> <span class='ocrx_word' id='word_1_245' title='bbox 1174 2333 1336 2363; x_wconf 81' lang='lat'>5387—96.</span> <span class='ocrx_word' id='word_1_246' title='bbox 1357 2351 1388 2355; x_wconf 83' lang='lat'>-—</span> <span class='ocrx_word' id='word_1_247' title='bbox 1417 2336 1477 2366; x_wconf 83' lang='lat' dir='ltr'>cfr.</span> 
     </span>
     <span class='ocr_line' id='line_1_40' title="bbox 159 2368 1250 2410; baseline 0.003 -11"><span class='ocrx_word' id='word_1_248' title='bbox 159 2371 251 2399; x_wconf 82' lang='lat' dir='ltr'>Catal.</span> <span class='ocrx_word' id='word_1_249' title='bbox 274 2371 363 2399; x_wconf 87' lang='lat' dir='ltr'>Codd.</span> <span class='ocrx_word' id='word_1_250' title='bbox 388 2371 694 2407; x_wconf 81' lang='lat' dir='ltr'>Hagiographicorum</span> <span class='ocrx_word' id='word_1_251' title='bbox 714 2368 791 2398; x_wconf 90' lang='lat' dir='ltr'>Bibl.</span> <span class='ocrx_word' id='word_1_252' title='bbox 814 2379 874 2407; x_wconf 77' lang='lat' dir='ltr'>reg.</span> <span class='ocrx_word' id='word_1_253' title='bbox 895 2371 1062 2399; x_wconf 83' lang='lat' dir='ltr'>Bruxellen.</span> <span class='ocrx_word' id='word_1_254' title='bbox 1084 2373 1107 2405; x_wconf 74' lang='lat' dir='ltr'>I,</span> <span class='ocrx_word' id='word_1_255' title='bbox 1128 2370 1183 2400; x_wconf 89' lang='grc'>491</span> <span class='ocrx_word' id='word_1_256' title='bbox 1206 2383 1250 2410; x_wconf 87' lang='lat' dir='ltr'>sq.</span> 
     </span>
    </p>
   </div>
  </div>
 </body>
</html>
