1651 2680
129 189 160 222 9.

108 511 162 543 10.

106 832 159 865 11.

103 1202 156 1234 12.

100 1525 154 1556 13.

94 1842 147 1874 14.

90 2162 142 2193 15.

628 91 888 127 —127—

188 187 242 222 Sic
269 192 486 228 contemptum
512 192 545 219 et
572 188 722 231 deletum,

188 236 242 269 Sic
269 236 427 268 abiectum
455 236 542 267 velut
567 240 722 276 spretum,

236 284 413 324 Leprosum
439 283 681 323 abhorribilem,

187 332 280 364 Nunc
303 332 336 363 in
361 332 432 363 sinu
458 336 513 363 tuo
539 331 644 362 cernis

188 380 232 413 Et
253 389 451 420 nequaquam
469 380 566 411 talem
585 381 722 419 spernis.

237 428 299 460 Sed
327 426 417 459 foves
443 427 644 467 diligibilem.

189 512 285 550 Quem
313 514 358 550 tu,
385 509 474 548 virgo
500 508 686 540 maternalis

187 560 293 598 Atque
319 561 422 590 mater
448 556 625 596 virginalis,

236 606 312 638 Cum
339 605 462 645 gratiae
490 604 612 636 divitiis

190 654 291 694 Paris,
317 653 452 693 pulchra
477 653 656 692 speciosum

185 701 227 733 Et
253 702 359 733 suavis
383 701 558 732 dulciosum

232 751 314 782 Prae
339 749 485 781 omnibus
512 748 647 779 deliciis.

187 831 248 864 Sed
276 835 324 862 est
351 831 450 869 dirus,
477 830 529 869 qni
555 828 714 867 dulcebat,

182 879 226 911 Et
252 878 415 915 deformis,
443 879 496 917 qui
523 877 715 916 splendebat

232 928 365 959 Decoris
392 926 570 966 privilegio,

184 976 294 1016 Tuque
320 975 365 1006 tui
392 975 494 1005 nescis
520 972 640 1014 florem,

185 1023 313 1055 Nullum
332 1031 463 1062 prorsus
482 1031 551 1052 cum
567 1021 714 1053 decorem

230 1072 266 1103 ln
295 1071 383 1102 vultu
409 1079 520 1100 cernas
547 1069 646 1106 regio.

182 1201 258 1240 Quis
287 1209 347 1231 non
375 1200 433 1231 tibi
460 1199 655 1235 condoleret,

183 1250 259 1282 Cum
285 1253 348 1280 tam
368 1251 519 1279 maestam
537 1250 568 1278 te
589 1246 713 1278 videret

229 1297 284 1329 Tis
310 1296 435 1327 unicum
461 1295 621 1334 inspicere

180 1344 223 1376 Et
249 1353 355 1376 amore
380 1342 587 1383 liquefactum

181 1394 243 1424 Cor
267 1397 443 1424 maternum
471 1397 500 1423 et
520 1392 710 1423 distractum

227 1440 405 1473 Gemitibus
432 1439 590 1471 deficere?

181 1523 258 1555 Cum
286 1532 336 1554 res
362 1531 485 1563 quoque
512 1522 695 1553 insensatae

179 1571 268 1603 Sicut
293 1571 340 1602 sol
366 1570 562 1602 obscuritate

223 1620 266 1652 Et
295 1624 381 1651 terra
408 1628 477 1650 cum
505 1618 708 1657 tremoribus,

176 1667 282 1699 Durae
308 1672 419 1708 petrae
447 1667 643 1706 disruptum,

176 1715 286 1747 Velum
314 1716 424 1756 templi
453 1724 520 1746 cum
550 1715 689 1746 scissura

223 1766 415 1804 Compussac
426 1764 487 1794 sint
497 1762 706 1800 maeroribus,

174 1841 255 1873 Dum
283 1843 313 1872 in
341 1850 435 1872 cruce
463 1840 665 1871 tenebrosum

176 1889 289 1922 Mundi
315 1889 408 1920 iubar
434 1889 623 1919 luminosum

222 1938 357 1970 Vitalem
387 1938 495 1977 perdit
523 1937 658 1974 radium,

172 1985 217 2018 Et
243 1996 298 2018 cor
322 1991 409 2018 tuum
438 1985 614 2017 materuale

173 2034 221 2066 Ob
248 2040 438 2067 tormentum
464 2033 562 2066 filiale

225 2084 348 2116 Doloris
375 2083 472 2114 sentit
499 2082 651 2118 gladium.

171 2159 204 2192 Si
231 2161 309 2193 haec
335 2165 453 2201 pavent
481 2160 576 2191 vitam
605 2160 685 2191 mori

171 2208 415 2241 Conformantes
441 2217 475 2240 se
503 2207 617 2246 dolori,

217 2259 285 2298 Quo
312 2258 417 2289 nullus
445 2256 636 2291 dolorosior,

170 2306 246 2345 Quis
273 2306 412 2346 lugendo
439 2314 493 2336 cor
512 2314 572 2336 non
592 2304 708 2336 tundat

167 2356 218 2387 Ac
252 2355 430 2395 gemiscens
460 2353 555 2385 fletus
582 2351 706 2394 fundat,

218 2404 299 2443 Quin
328 2403 429 2443 petris
455 2403 497 2434 sit
524 2400 707 2440 petrosior'?

797 190 851 222 16.

798 511 852 542 17.

792 830 848 863 18.

786 1200 841 1232 19.

782 1841 837 1873 21.

778 2160 834 2192 22.

879 187 905 220 O
933 188 1075 219 dolorem
1102 198 1281 220 amorosum

878 235 920 267 Et
946 245 1084 267 amorem
1112 237 1294 268 dolorosum

929 283 975 315 De
1001 284 1094 315 unico
1121 284 1339 325 fortissimum,

877 331 950 362 Tibi
978 332 1116 369 dantem,
1144 332 1260 364 florens
1284 341 1367 369 rosa,

880 380 1080 413 Rubieunda,
1109 381 1264 420 speciosa,

928 428 1073 460 Colorem
1082 432 1145 459 tam
1155 429 1410 459 maestissimum.

882 512 969 547 Quae
995 512 1029 538 ut
1054 509 1099 538 sol
1126 510 1157 540 in
1184 509 1263 539 caeli
1289 509 1391 539 stellis

879 556 1008 588 Cunctis
1036 560 1103 586 erat
1131 566 1208 597 prae
1236 557 1351 595 puellis

925 604 1053 635 Decore
1076 605 1309 639 venustissimo,

878 654 944 684 Iam
968 660 1051 683 nunc
1069 652 1193 691 pallens
1214 652 1410 683 tenebrescis

876 700 1179 740 Tenebrescensque
1206 701 1373 740 madescis⁷

925 748 1006 787 Heu,
1034 747 1111 779 fletu
1136 750 1344 781 amarissimo,

876 830 1058 865 Consolare,
1087 829 1269 865 benedicta,

872 877 946 909 Nati
975 883 1076 908 morte
1103 879 1147 908 sic
1174 876 1305 910 afflicta.

920 926 1008 957 Mors
1044 935 1177 965 namque
1213 926 1292 956 dans
1320 935 1404 956 mae-

1120 975 1238 1004 stitiam

873 1023 911 1054 In
938 1022 1088 1052 honorem
1117 1021 1312 1061 resurgentis

874 1070 917 1101 Et
943 1069 1077 1100 salutem
1104 1071 1213 1100 mundi
1241 1069 1346 1100 tlentis

920 1118 1072 1148 Vertetur
1098 1124 1128 1148 et
1156 1118 1322 1148 laetitiam.

869 1199 913 1231 Ut
938 1199 1014 1238 quid
1042 1208 1116 1237 ergo
1143 1200 1188 1230 sic
1216 1199 1335 1229 exarsit

870 1247 980 1281 Dolor,
1013 1247 1096 1286 quod
1125 1248 1154 1278 in
1184 1247 1270 1278 nullo
1297 1246 1399 1287 parcit

921 1296 1076 1334 Virgineis
1103 1295 1280 1326 visceribus
1292 1298 1306 1325 ζ)

867 1345 994 1383 Curque
1012 1343 1139 1382 plangis
1151 1345 1233 1373 hunc
1245 1350 1307 1374 tam
1321 1343 1400 1378 dire,

865 1394 963 1431 Quem
992 1397 1172 1430 surgentem
1202 1401 1272 1422 mox
1300 1392 1405 1421 redire

916 1440 972 1470 His
987 1448 1099 1478 sperus
1113 1450 1181 1470 cuin
1196 1439 1378 1470 muneribus
1391 1441 1405 1468 ζ’

870 1522 935 1561 Pia,
964 1521 1065 1552 duleis
1093 1526 1122 1552 et
1152 1522 1297 1558 benigna.

867 1569 964 1601 Nullo
991 1578 1123 1608 prorsus
1150 1570 1236 1600 luctu
1265 1570 1372 1610 digna,

914 1618 947 1650 Si
975 1616 1080 1648 fletum
1110 1617 1182 1649 hinc
1209 1618 1355 1657 eligeres.

866 1666 907 1698 Ut
936 1675 1103 1705 compassa
1129 1666 1326 1705 redemptori

866 1714 1035 1753 t'aptivato
1062 1714 1292 1754 transgressori

912 1763 960 1793 Tu
987 1762 1239 1803 corredemptrix
1266 1761 1371 1794 fieres,

865 1841 955 1872 Tune
991 1848 1051 1870 non
1078 1843 1200 1871 tantum
1228 1840 1399 1871 condolere

864 1888 1009 1919 Maestae
1035 1889 1129 1919 matri
1157 1889 1213 1919 sed
1243 1888 1360 1919 debere

912 1936 966 1968 Me
994 1945 1088 1966 cerno
1115 1942 1222 1976 grates
1250 1937 1386 1978 solvere,

864 1984 937 2016 Tibi
964 1992 1052 2014 meae
1079 1985 1298 2024 redemptrici,

863 2036 950 2073 Quae
977 2033 1016 2063 dc
1044 2042 1136 2063 manu
1164 2033 1283 2064 inimici

913 2082 1070 2120 Dignatur
1096 2090 1144 2111 nie
1171 2082 1329 2114 evolvere.

863 2158 925 2190 Sed
941 2168 999 2198 per
1013 2158 1121 2200 vitam,
1138 2159 1209 2198 lieu,
1226 2159 1284 2189 mis
1299 2162 1397 2190 totam

863 2207 939 2246 Quis
967 2207 1015 2237 vel
1043 2215 1137 2238 unam
1155 2207 1260 2238 laudis
1279 2211 1398 2247 notam,

911 2255 982 2291 Dic,
1010 2254 1068 2285 tibi
1095 2256 1327 2295 acceptabilem

862 2304 944 2335 Mihi
972 2303 1060 2334 dabit
1088 2312 1271 2344 personare,

865 2352 934 2384 Nisi
962 2352 1040 2383 velis
1065 2360 1114 2382 me
1140 2351 1278 2384 formare

913 2401 964 2432 Ad
981 2405 1011 2431 te
1026 2400 1220 2433 laudandum
1236 2401 1398 2433 habilem?
