1651 2680
159 191 216 225 29.

164 663 220 694 30.

167 1132 222 1164 31.

167 1598 223 1632 32.

159 2067 215 2100 33.

697 117 737 121 --
790 97 931 131 43,-

246 190 373 222 Lancea
399 191 526 223 demum
552 191 674 226 inflicto

292 237 418 270 laterali
446 240 578 272 vulnere

243 285 320 318 Mox
346 285 446 318 exivit
471 288 623 319 salutaris

290 334 378 366 unda
401 335 499 367 mixta
526 336 698 375 sanguine,

245 381 359 422 Ioseph
387 381 428 413 ab
453 383 645 423 Arimathia,

290 429 408 461 nobilis
435 431 576 470 decurio,

245 478 370 518 Corpus
397 482 496 517 tuum,
523 479 586 510 sibi
613 479 720 511 datum

293 535 313 557 a
339 526 455 558 Pontio
480 527 599 566 Pilato⁷

249 661 380 700 Ungens
407 660 488 692 illud
516 664 547 692 et
573 661 750 695 involvens,

295 709 378 740 sicut
402 710 500 741 moris
527 708 641 746 fuerat,

249 757 359 790 Posuit
384 756 416 787 in
444 762 646 788 monumento

294 813 388 845 novo,
415 805 498 846 quod
527 806 702 836 exciderat.

248 852 384 885 Domum
407 851 501 884 fortis
527 853 672 884 invasisti

294 900 428 932 trudens
453 901 542 932 illum
572 901 698 932 vim-ulo

243 949 287 981 Et
313 948 448 988 direptis
478 950 564 981 vasis
592 949 657 980 eius

293 996 408 1028 redisti
436 998 475 1029 de
502 997 666 1032 barathro,

250 1131 416 1163 Inventam
446 1134 615 1170 reportans
642 1139 742 1163 ονε-ιιι,

295 1182 406 1218 pastor
430 1179 541 1217 bonus,
569 1179 697 1209 umeris.

248 1226 323 1258 Post
350 1226 432 1258 diem
460 1226 666 1258 resurrexisti

293 1275 418 1306 tertiam
446 1285 465 1306 a
491 1275 644 1314 mortuis3

244 1322 469 1363 Apparitionis
496 1328 569 1354 tuae

296 1370 413 1403 dedisti
439 1371 598 1411 primitias

245 1419 386 1459 Mulieri,
416 1420 455 1452 de
481 1429 543 1459 qua
569 1422 689 1458 septem

294 1467 463 1499 daemones
491 1468 641 1500 eieceras.

252 1597 458 1636 Congregatis
482 1601 616 1638 propter
640 1602 756 1628 metum

294 1646 327 1676 in
353 1654 447 1677 unum
477 1645 644 1685 discipulis

251 1693 341 1725 Pacis
367 1693 482 1733 pignus
508 1693 656 1730 attulisti,

296 1741 412 1773 clausis
437 1742 562 1773 intrans
588 1741 711 1782 ianuis3

247 1789 442 1830 Quibusdam
471 1791 510 1821 de
537 1790 658 1821 visione

294 1838 430 1878 primum
459 1838 691 1879 dubitantibus,

246 1887 382 1920 Carnem
409 1886 474 1919 illis
500 1887 647 1919 obiecisti

294 1935 488 1975 palpandam
516 1945 585 1967 cum
613 1935 748 1966 ossibus.

242 2066 322 2098 Item
349 2065 501 2106 Thomae‚
529 2075 591 2097 non
618 2065 763 2097 credenti

289 2114 457 2154 discipulis
483 2114 565 2156 aliis,

243 2162 436 2195 Monstrasti
463 2163 625 2194 clavorum
652 2161 732 2202 loca,

289 2210 470 2243 cicatricem
497 2210 628 2247 lateris;

240 2259 363 2292 Diebus
388 2261 463 2298 'post
488 2258 668 2299 passionem

288 2306 504 2348 quadraginta
529 2305 665 2338 testibus

240 2356 412 2397 Apparens
438 2353 677 2396 praeordinatis

288 2403 484 2444 argumentis
510 2401 658 2444 pluribus

858 197 912 228 34.

857 1133 900 1162 επ»

851 2068 906 2099 38.

944 194 1205 234 Exspectandum
1232 191 1398 232 imperasti

986 249 1178 274 convescens
1204 240 1407 281 paraclitum,

938 294 1035 328 Quem
1056 289 1246 329 promissum
1264 297 1322 328 per
1335 297 1369 319 os
1384 291 1472 318 tuum

987 341 1120 368 noscant
1143 337 1246 369 sancti
1272 335 1430 376 spiritum.

943 385 1024 416 Hinc
1049 385 1081 416 in
1109 386 1230 417 caelum
1258 384 1390 416 elevatis

986 432 1132 464 manibus
1158 436 1189 464 et
1214 432 1314 464 oculis

941 480 1202 512 Benedictionem
1229 485 1314 511 tuam

989 528 1107 559 dedisti
1136 528 1314 568 discipulis,

883 666 910 695 ”.
939 662 979 693 Et
1007 662 1183 693 ascendens
1210 670 1308 700 supra
1334 661 1456 692 caelum

988 709 1052 740 illis
1078 709 1275 740 intuentibus

940 757 1180 796 Triumphalem
1206 755 1419 796 praesentasti

989 814 1115 836 carnem
1143 806 1244 845 patris
1272 804 1421 843 vultibus,

942 854 1077 885 Rursum
1105 857 1256 884 venturus
1284 861 1351 882 curn
1373 852 1473 883 servis

989 902 1142 932 rationem
1171 909 1300 940 ponere,

940 949 1078 989 Singulis
1104 949 1277 980 secundum
1303 948 1391 978 lucra

987 997 1177 1028 talentorum
1205 996 1351 1027 reddere.

941 1131 965 1162 O
993 1140 1048 1161 rex
1077 1138 1197 1172 regum,
1225 1139 1264 1161 ne
1290 1129 1333 1160 sis
1360 1129 1452 1159 huius

987 1179 1152 1209 immemor
1178 1177 1368 1218 commercii,

940 1226 1002 1258 Sed
1029 1226 1061 1256 in
1088 1227 1168 1257 tanti
1195 1236 1251 1257 nos
1278 1224 1430 1256 confirma

988 1275 1105 1304 virtute
1132 1274 1287 1313 mysterii,

939 1322 985 1354 Da
1012 1321 1101 1353 nobis
1128 1322 1274 1362 exemplo
1301 1322 1347 1352 tui

987 1375 1115 1401 terrena
1143 1370 1320 1410 despicere,

941 1418 1206 1458 Blaspbemantes
1233 1427 1294 1449 non
1322 1418 1435 1448 timere

986 1475 1043 1497 nec
1071 1467 1182 1498 laudes
1208 1470 1372 1506 appetere.

903 1622 909 1629 .
940 1597 1082 1628 veritate
1110 1597 1245 1628 radicati

985 1644 1154 1676 floreamus
1181 1645 1294 1685 gratia,

938 1693 1055 1732 Corde,
1082 1694 1192 1734 verbo,
1220 1697 1293 1724 actu
1317 1696 1372 1723 tua

987 1747 1156 1781 sequentes
1183 1741 1328 1781 vestigia,

940 1789 1139 1821 Venumdato
1165 1790 1222 1821 sub
1250 1789 1392 1829 peccatis

988 1838 1195 1870 condolentes
1222 1837 1349 1869 saeculo

941 1887 1170 1918 Succurrarnus
1196 1895 1303 1926 prece,
1331 1889 1414 1927 voto,

987 1935 1139 1976 lacrimis,
1167 1935 1295 1966 ieiunio.

936 2067 1072 2097 Carnem
1098 2071 1240 2097 nostram
1270 2070 1342 2097 tuae
1370 2066 1474 2098 erucis

983 2113 1104 2153 confige
1129 2114 1332 2154 stigmatibus

938 2162 986 2194 Ad
1003 2162 1218 2201 supplendum
1235 2163 1297 2200 hic,
1317 2172 1397 2202 quae
1413 2164 1475 2194 tuis

985 2210 1100 2241 desunt
1126 2211 1347 2250 passionibus3

936 2258 1045 2290 Talem
1073 2261 1178 2290 tecum
1205 2259 1368 2291 crucifixis

984 2306 1025 2338 da
1051 2308 1335 2345 perseverantiam,

938 2355 981 2388 Ut
1007 2363 1064 2385 nos
1090 2354 1177 2395 ipsos
1204 2357 1418 2395 vespertinam

986 2403 1097 2434 demus
1123 2403 1182 2435 tibi
1210 2404 1383 2436 victimam.
