1651 2680
245 190 278 221 5.
305 188 367 220 Hic
393 196 525 227 serpens
552 187 670 220 dicitur

349 236 444 275 Legis
471 235 620 273 abiectio,

300 283 385 315 Dum
411 283 502 322 prelo
526 284 692 326 premitur,

352 333 419 364 Iam
444 334 548 362 cessat
573 331 681 362 unctio

302 379 345 411 Et
373 378 437 409 dux
466 379 668 419 deprimitur,

352 427 445 458 Patet
471 427 680 466 consumptio,

302 475 422 507 Iudaea
448 473 570 515 feritur,

349 522 392 554 Et
420 521 497 554 furit
523 523 613 554 ultio.

242 639 273 670 6.
302 637 422 669 Hamus
449 636 628 677 subtegitur

351 687 386 718 In
415 685 518 716 carnis
546 685 692 724 tegmine,

301 733 475 774 Captivans
503 733 628 772 capitur

348 780 431 812 Satis
459 781 642 819 certamine,

300 829 360 868 Qui
388 837 525 859 morsum
549 828 661 859 tribuit

347 876 491 907 Letalem
517 875 665 915 feminae,

296 924 402 956 Morte
428 924 593 955 succubuit

348 971 502 1002 Vincente
529 972 661 1011 virgine.

868 93 996 129 68-

934 191 967 224 7.
991 191 1029 224 In
1054 193 1137 222 testa
1161 191 1248 223 lutea

1037 239 1158 271 Lumen
1185 238 1406 278 absconditur,

990 286 1110 318 Ablata
1136 285 1260 318 decima

1040 334 1182 373 Dragma
1206 334 1390 377 requiritur,

992 382 1058 414 Iam
1086 379 1173 413 fraus
1200 382 1329 421 viperea

1038 430 1119 461 Arte
1145 428 1314 469 refellitur,

992 477 1068 508 Imis
1095 476 1245 508 aetherea
1413 511 1419 515 ,

1040 526 1104 557 Pax
1132 524 1185 556 dia
1210 524 1369 556 redditur.

930 639 961 671 8.
990 638 1153 678 Cognosce
1178 637 1360 679 Dominum,

1034 685 1155 718 Iudaea
1181 685 1308 723 misera,

986 733 1157 766 Rectorem
1183 733 1335 764 luminum

1034 781 1131 813 Veste
1158 780 1216 811 sub
1243 780 1355 822 altera,

989 828 1066 868 Legi
1094 828 1149 859 dat
1174 828 1355 867 terminum,

1031 877 1129 916 Quem
1158 876 1251 907 docet
1276 876 1381 916 litera,

984 924 1037 955 Ad
1064 931 1179 954 novum
1205 923 1355 963 gaudium

1034 972 1203 1003 Recedunt
1229 976 1337 1004 vetera

303 1086 424 1112 Collect.
447 1093 499 1111 ms.
515 1084 766 1117 Llantonienset?)
781 1092 854 1111 saec.
873 1083 916 1111 13.
941 1085 1011 1111 Cod.
1028 1084 1153 1119 Collegit
1170 1084 1255 1119 Corp.
1272 1084 1381 1112 Christi
1399 1084 1541 1111 (flxonieu.

225 1122 270 1150 59.
294 1140 330 1144 -—
355 1123 378 1155 1,
401 1122 417 1149 6
440 1123 509 1150 oder
523 1124 589 1149 Vim
612 1123 710 1150 celans
732 1124 869 1149 numinis.
887 1137 924 1141 —
939 1123 1089 1150 Abschrift
1109 1131 1167 1149 von
1183 1124 1253 1150 Rev.
1271 1123 1309 1149 H.
1324 1123 1364 1149 M.
1380 1123 1541 1150 Bannister.

622 1302 670 1333 45.
711 1300 754 1332 De
775 1301 994 1333 incarnatione
1017 1300 1147 1333 Domini.

588 1423 616 1453 1.
646 1420 750 1453 Patris
776 1420 971 1462 unigenitus,

647 1470 733 1500 Ante
758 1468 857 1499 solem
883 1470 1017 1509 genitus,

650 1517 737 1548 Nutu
763 1517 864 1547 sancti
890 1517 1022 1556 spiritus

646 1565 730 1596 Alvo
756 1564 867 1595 matris
894 1565 1011 1601 editus,

648 1612 743 1653 Vagit
770 1612 858 1643 cunis
883 1614 1015 1652 positus,

649 1660 821 1699 Praesaepi
847 1661 1048 1701 reconditus;

698 1709 750 1740 Sic
775 1708 900 1747 aceepit
926 1708 1018 1748 plebs
1044 1709 1147 1739 inanis

651 1756 784 1788 Missum
809 1765 925 1787 manna
951 1757 1095 1794 caelitus,

695 1803 747 1836 Sic
774 1803 813 1835 de
839 1804 927 1835 caelo
953 1805 1043 1836 vivus
1066 1804 1158 1843 panis

649 1851 744 1883 Venit
767 1851 885 1883 mundo
912 1852 1050 1885 deditus.

229 1970 290 2000 2a.
319 1967 409 1999 Servi
439 1965 573 1998 formam
600 1967 715 2008 induit,

322 2015 412 2047 Servi
439 2016 490 2055 qui
517 2015 562 2046 nil
588 2015 708 2050 habuit,

317 2063 391 2102 Sed,
419 2072 498 2102 quae
526 2063 627 2094 Deum
655 2063 772 2104 genuit,

319 2112 428 2142 virum
456 2120 517 2142 non
543 2111 704 2152 sustinuit,

318 2159 385 2190 Nec
410 2158 466 2190 flos
493 2159 625 2198 pudoris
651 2157 796 2199 marcuit,

314 2206 450 2238 Messias
477 2215 568 2246 quern
594 2207 738 2246 aperuit,

363 2254 415 2286 Sic
441 2254 472 2285 in
497 2263 573 2285 arca
599 2253 791 2293 testamenti,

317 2303 409 2335 Sicca
435 2303 524 2342 virga
551 2301 666 2340 floruit,

366 2350 419 2383 Sic
445 2350 475 2381 in
504 2355 590 2381 terra
614 2348 736 2381 sitienti

314 2398 425 2432 Velius
451 2406 524 2429 rore
549 2397 681 2430 maduit.

916 1966 979 2000 2b.
1007 1967 1222 2006 Obstupescat
1247 1967 1408 2000 saeculum

1007 2015 1145 2046 Tantum
1171 2015 1231 2046 hoc
1256 2015 1456 2055 miraculum,

1006 2063 1108 2101 Virgo
1134 2062 1232 2094 lactat
1259 2063 1438 2102 parvulum,

1006 2111 1092 2150 Quae
1117 2119 1179 2141 nou
1206 2111 1293 2142 novit
1320 2111 1514 2150 masculum;

1008 2158 1143 2190 Videtur
1166 2158 1230 2189 iam
1255 2159 1297 2190 ad
1323 2159 1449 2191 oculum

1007 2206 1105 2237 Vetus
1130 2205 1212 2237 illud
1238 2207 1419 2239 oraculum:

1051 2252 1099 2285 De
1125 2253 1236 2284 radice
1262 2255 1350 2286 Iesse
1375 2259 1486 2287 natum

1004 2301 1080 2333 Flos
1106 2299 1258 2333 fecundat
1284 2303 1458 2343 surculum,

1048 2350 1086 2381 In
1097 2357 1159 2388 quo
1169 2353 1298 2382 sanctus
1307 2350 1406 2383 habet
1416 2355 1542 2391 gratum

1005 2396 1144 2437 Spiritus
1170 2397 1361 2433 cubiculum.
