1651 2680
683 107 941 144 —278—

571 236 635 267 241.
675 237 718 268 De
738 239 848 270 saneta
866 238 1056 270 Katharina.

173 335 204 368 1.
235 334 341 371 Salve,
368 338 491 373 martyr
516 337 548 364 et
574 335 693 376 regina,

233 383 331 421 Virgo
357 391 475 421 sponsa
501 382 678 414 Katherina

282 430 378 469 Regis
405 438 512 470 regum
540 430 689 470 omnium,

234 478 340 517 Salva,
369 478 472 509 sciens
497 477 674 510 trinitatem

232 526 275 558 Et
301 525 472 557 indivisam
497 525 649 556 unitatem

279 575 363 606 Vere
389 583 451 604 non
477 582 535 612 per
561 574 725 605 somnium.

172 701 211 732 2.
240 700 345 737 Salve,
372 707 452 738 quae
478 699 509 729 in
536 698 720 737 paganismo

237 749 323 779 Vero
348 756 405 778 usa
432 756 465 777 es
494 745 652 784 baptismo

286 796 406 827 Cuncta
433 802 589 834 spernens
613 793 721 833 idola,

236 845 340 881 Salve,
368 852 447 882 quae
474 846 585 874 contra
611 845 757 872 naturam

237 893 343 923 Vitam
371 897 490 922 castam
519 890 638 921 ducens
662 897 776 929 puram

284 941 365 971 Vera
391 948 424 969 es
450 938 630 978 amygdola.

174 1058 206 1087 3.
237 1056 341 1090 Salve,
370 1054 503 1093 pulchra
529 1062 626 1092 supra
653 1051 792 1090 modum,

236 1103 351 1135 (olens
378 1102 530 1132 trinitatis
557 1101 685 1141 nodum,

282 1152 419 1186 Patrem,
448 1157 593 1188 pneuma,
621 1148 742 1185 filium;

236 1198 340 1231 Salve,
368 1205 448 1234 quae
473 1196 623 1226 mundum
651 1193 766 1235 vicisti,

238 1246 319 1275 Vera
347 1243 499 1274 imitatrix
527 1242 657 1279 Christi,

282 1293 404 1323 Ferens
431 1299 501 1320 rosa
528 1289 639 1320 lilium.

172 1406 204 1436 4.
233 1402 336 1438 Salve,
363 1400 453 1431 fortis
479 1403 510 1432 in
536 1409 646 1439 agone,

235 1448 425 1480 Proeliatrix
453 1457 521 1478 cum
549 1447 687 1477 dracone

283 1496 353 1527 Una
379 1503 448 1524 cum
475 1495 657 1532 Maxentio;

237 1543 340 1580 Salve,
365 1541 521 1571 clamans:
550 1549 607 1579 ego
633 1544 719 1571 certo

237 1589 298 1620 Pro
324 1597 420 1626 regno
447 1588 506 1618 Dei
532 1588 563 1618 in
590 1592 701 1626 aperto

282 1636 321 1666 Et
350 1635 409 1665 hoe
435 1635 492 1665 sub
519 1635 655 1666 silentio.

237 1683 340 1719 Salve,
370 1683 497 1713 vincens
523 1683 759 1722 quinquagenos

234 1730 394 1767 Oratores,
422 1731 477 1761 sed
504 1738 651 1761 amoenos

285 1777 398 1808 Verbis
425 1781 455 1807 et
480 1777 616 1816 ingenio.

180 1894 210 1924 5.
239 1891 344 1931 Salve,
372 1901 464 1923 caesa
490 1891 631 1929 verbere,

237 1940 338 1971 Caeco
364 1941 472 1970 clausa
495 1949 624 1971 carcere

286 1988 372 2019 Caeli
398 1988 467 2018 luce
493 1987 678 2029 perfruens3

237 2035 340 2069 Salve,
369 2045 436 2066 cum
463 2035 617 2066 militibus

236 2082 387 2122 Reginam
415 2082 604 2114 caelestibus

282 2131 460 2170 Disciplina
485 2130 640 2164 imbuens,

180 2246 212 2278 6.
239 2246 342 2281 Salve,
370 2244 453 2277 freta
479 2246 617 2286 Christo,
645 2247 729 2278 laeta

283 2293 379 2333 Regis
404 2303 558 2333 spernens
583 2294 703 2333 titulos,

237 2341 330 2374 Salve
356 2347 456 2372 rotam
484 2344 612 2374 vincens
637 2345 735 2374 totam

283 2390 413 2421 Versam
441 2392 472 2422 in
498 2390 690 2422 incredulos.

884 337 915 370 7.
941 336 1045 380 Salve,
1075 337 1147 370 dum
1174 336 1221 366 sic
1246 332 1400 365 inclinata

941 384 1050 416 Stares
1075 383 1169 416 morti
1194 382 1398 422 praeparata,

989 432 1096 464 Orasti
1121 431 1163 462 ad
1190 429 1379 468 Dominum,

942 478 1047 518 Salve,
1075 479 1198 512 dicens:
1227 481 1301 517 peto
1327 480 1358 505 te

942 527 1024 565 Iesu,
1052 535 1167 567 sponse
1194 523 1388 563 dulcissime,

989 574 1033 607 Ut
1059 574 1245 614 quicumque
1271 571 1431 603 hominum

888 678 919 710 8.
945 678 1145 710 Christianae
1171 675 1379 716 professionis

945 725 1038 757 Meae
1064 725 1174 756 mortis
1201 729 1232 756 et
1257 722 1416 764 passionis

993 773 1105 812 Egerit
1133 773 1326 809 memoriam,

946 821 983 852 In
1009 829 1204 860 quacumque
1229 819 1418 850 necessitate

947 867 1009 899 Seu
1037 869 1120 899 vitae
1147 867 1346 898 extremitate

995 916 1049 947 Me
1074 917 1209 953 invocet,
1236 915 1276 946 ob
1301 913 1434 953 gloriam

891 1013 922 1046 9.
950 1012 1037 1043 Tuae
1064 1009 1301 1051 propitiationis

946 1060 1101 1091 Effectum
1129 1067 1204 1089 suae
1228 1056 1390 1098 petitionis

995 1109 1215 1145 consequatur
1240 1103 1435 1144 plenissime.

945 1155 1050 1197 Salve,
1065 1158 1232 1194 postquam
1247 1153 1324 1183 haec
1339 1151 1476 1192 prolata,

945 1202 998 1233 Ad
1025 1206 1056 1232 te
1083 1210 1144 1231 vox
1173 1201 1212 1231 de
1239 1199 1326 1230 caelo
1352 1202 1445 1237 grata

991 1248 1118 1280 Affatur
1144 1247 1345 1278 dulcissime:

945 1295 1048 1331 Salve,
1077 1295 1159 1333 veni,
1187 1294 1340 1333 speciosa,

943 1342 1070 1373 Dilecta
1095 1340 1231 1380 flagrans
1257 1343 1289 1371 ut
1317 1348 1398 1376 rosa,

989 1389 1060 1420 Tibi
1089 1389 1209 1418 caelum
1236 1391 1382 1426 apertum
1415 1390 1473 1419 est.

862 1484 915 1515 10.
944 1483 1047 1520 Salve,
1055 1491 1147 1522 quam
1156 1482 1474 1521 Caesarproclamari

942 1530 1048 1568 Iussit,
1076 1534 1148 1569 post
1173 1530 1251 1561 haec
1276 1531 1412 1569 irrogari

989 1577 1102 1609 Statim
1130 1577 1214 1609 vitae
1241 1578 1455 1617 dispendium.

942 1625 1048 1665 Salve,
1080 1625 1221 1665 gladium
1248 1634 1308 1665 per
1331 1635 1475 1657 amarum

943 1673 1046 1712 Caput
1074 1678 1160 1703 tuum
1186 1673 1290 1704 libens
1317 1681 1424 1704 carum

990 1721 1057 1752 Deo
1085 1720 1163 1752 dans
1189 1721 1396 1761 stipendium,

861 1817 916 1849 11.
942 1815 1045 1856 Salve,
1074 1816 1162 1847 cuius
1186 1816 1306 1856 absque
1332 1827 1442 1849 norma

941 1865 1059 1896 Anima
1085 1864 1153 1896 visa
1174 1870 1227 1907 est
1252 1867 1284 1897 in
1311 1864 1414 1897 forma

992 1911 1164 1944 Columbae
1191 1913 1455 1955 candidissimae;

943 1960 1047 2002 Salve,
1074 1961 1106 1991 in
1134 1961 1202 1991 visu
1229 1971 1426 2002 paganorum

941 2008 1118 2040 Caelestem
1146 2009 1319 2041 ascendisti
1342 2009 1474 2042 chorum

990 2055 1145 2095 Suscepta
1171 2057 1444 2095 splendidissime.

864 2152 917 2183 12.
944 2151 1048 2191 Salve,
1076 2151 1175 2191 virgo,
1194 2156 1362 2193 postquam
1381 2163 1474 2187 caesa

942 2200 1005 2231 Pro
1030 2199 1183 2239 sanguine
1208 2201 1259 2231 lac
1285 2201 1324 2232 de
1350 2202 1437 2234 laesa

988 2247 1078 2279 Vena
1103 2247 1304 2291 prosilierat;

941 2294 1046 2335 Salve,
1061 2294 1146 2335 quod
1160 2295 1274 2328 chorus
1288 2298 1473 2337 angelorum

943 2343 1066 2382 Corpus
1084 2347 1180 2384 tuum,
1203 2344 1303 2385 virgo,
1324 2345 1474 2378 decorum

990 2391 1026 2422 In
1054 2390 1129 2422 Sina
1155 2393 1337 2431 sepelierat.
