1651 2680
106 195 142 225 5.
169 191 253 224 Dum
279 192 395 224 timens
421 191 538 232 refugit

214 239 339 272 virilem
365 238 492 280 faciem,

165 287 284 320 Vultus
309 287 445 328 angelici

215 335 344 368 denuda
369 335 518 377 speciem,

167 383 251 415 Dum
277 384 406 416 modum
434 383 562 415 discutit

215 434 247 462 et
271 441 378 464 rernm
401 431 516 462 seriem

266 479 362 520 Virgo
388 487 512 519 serena,

164 527 261 560 Sume
286 527 474 569 parabolam

214 575 302 608 vocis
327 576 470 617 interea,

167 622 231 656 Sed
257 623 414 664 quidquid
439 622 561 654 dixeris

215 671 304 711 prius
327 676 358 702 et
384 674 504 711 postea,

167 719 216 751 De
242 720 356 759 quibus
385 719 507 759 dixero,

215 767 267 799 dic
293 772 399 799 tamen
424 770 537 798 antea:

261 813 383 847 Gratia
402 815 517 856 plena.

108 924 140 955 6.
168 921 281 954 Carnis
309 921 472 961 virgineae

215 969 274 1000 sub
302 969 477 1005 domicilio,

168 1017 240 1056 Dic,
272 1017 400 1049 domum
426 1023 610 1057 praeparet,

217 1065 274 1096 sed
301 1065 361 1097 Dei
387 1064 474 1105 fili03

165 1113 270 1146 Stabit
294 1118 326 1144 et
353 1111 507 1149 conferet,

214 1161 271 1193 sed
299 1162 356 1193 sub
384 1160 513 1192 silentio

261 1209 394 1250 Singula
420 1217 538 1240 secum.

168 1257 305 1290 Pudoris
331 1257 459 1288 titulum

213 1305 318 1346 primo
346 1305 507 1345 discutiet,

166 1353 218 1386 Da
243 1353 340 1386 fidem
366 1353 494 1395 virgini,

212 1402 297 1442 quod
325 1402 414 1442 virgo
440 1402 555 1442 pariet,

166 1449 238 1489 Dic,
267 1450 355 1482 cuius
382 1449 507 1489 spiritu,

213 1506 272 1538 per
298 1507 391 1538 quem
419 1497 588 1537 concipiet,

262 1546 428 1579 Dominus
455 1548 568 1578 tecum.

107 1653 139 1686 7.
164 1650 307 1684 Felicem
334 1652 498 1693 praedica,

212 1709 293 1740 quae
319 1701 378 1733 Dei
403 1700 470 1732 filio

163 1749 271 1781 Mater
294 1749 424 1790 eligitur

213 1801 368 1830 vernante
394 1797 463 1829 lilio

166 1845 304 1878 Pudoris
329 1845 458 1886 integri,
503 1851 507 1853 ·

214 1893 271 1926 sed
299 1898 330 1926 et
356 1893 502 1934 angelico

262 1941 369 1983 Digna
394 1942 509 1982 relatu,

166 1991 256 2031 Quae
281 1992 372 2031 pacis
395 1991 504 2022 osculo

214 2042 344 2071 terrena
370 2039 495 2079 superis

164 2087 295 2120 Amoris
321 2088 445 2128 glutino

214 2136 320 2177 iungis
346 2140 378 2168 et
404 2134 530 2172 inseris,

164 2184 201 2216 In
228 2184 417 2216 mulieribus

213 2232 328 2273 primis
355 2237 386 2264 et
412 2230 551 2271 posteris

262 2280 442 2313 Benedicta
469 2283 515 2312 tu.

173 2376 296 2404 Collect.
325 2385 378 2403 ms.
407 2375 639 2411 Savigniacense
667 2381 743 2401 saec.
772 2370 816 2400 13.
845 2373 916 2401 Cod.
944 2373 1071 2400 Parisin.
1092 2373 1186 2401 Nouv.
1214 2383 1278 2410 aeq.
1300 2372 1365 2401 217.
1388 2391 1426 2394 —

734 95 780 132 63
831 115 874 120 —

823 193 856 227 8.

805 1652 861 1686 10.

882 193 985 226 Dulce
1011 200 1080 223 cum
1108 192 1233 232 virgine

927 241 1026 272 misce
1056 239 1267 280 colloquium3

882 290 1031 330 Quaeret,
1059 295 1152 326 quem
1178 288 1301 327 pariet:

934 337 1004 369 dic:
1031 334 1093 367 Dei
1119 334 1236 377 filium3

885 385 1024 424 Quaeret
1051 386 1082 413 et
1107 383 1284 423 quomod03

933 433 985 464 dic
1009 434 1064 463 tu:
1093 440 1152 470 per
1177 432 1348 471 spiritum,

979 480 1139 519 Quaerere
1166 480 1259 518 plura

885 528 981 567 Virgo
1006 527 1032 558 si
1060 527 1214 568 coeperit,

930 575 1035 606 libens
1061 583 1245 614 exsequere,

882 624 953 661 Dic,
980 626 1265 663 tetragrammaton

931 671 1016 710 quali
1045 670 1233 702 charactere

886 719 991 752 Possit
1018 718 1194 758 dissyllaba

931 775 1026 798 sensu
1053 767 1244 798 concludere

983 815 1094 846 Laude
1121 814 1239 848 futura.

888 920 984 960 Regis
1010 920 1144 960 imperio

936 969 1052 1008 regalis
1079 968 1207 1000 nuntius

887 1017 1018 1049 Secreta
1044 1016 1162 1055 virgini

934 1064 1049 1095 secreti
1076 1065 1221 1095 conscius

887 1113 1005 1144 Divina
1032 1118 1171 1150 reseram

931 1160 1084 1191 formidat
1112 1160 1261 1200 primitus

980 1208 1077 1249 Virgo
1103 1208 1234 1246 pudica.

883 1256 999 1295 Incipit
1026 1257 1157 1296 angelus

934 1304 1037 1335 modis
1066 1304 1236 1340 disserere„

886 1353 1028 1385 Felicem
1055 1353 1258 1392 praedicans,

933 1405 1007 1432 vota
1035 1409 1233 1441 puerperae,

884 1450 950 1481 Iam
980 1448 1068 1488 cupit
1095 1449 1192 1480 effici.

933 1497 990 1528 sed
1019 1497 1075 1528 tali
1103 1496 1234 1528 foedere

981 1545 1078 1585 Regis
1105 1546 1218 1577 amica.

888 1653 955 1684 Iam
982 1651 1065 1682 sacri
1091 1652 1274 1690 pneumatis

934 1698 1065 1739 perfusa
1090 1699 1211 1731 lumine

884 1748 998 1781 Credit
1024 1752 1055 1778 et
1082 1749 1241 1788 concipit:

934 1796 1043 1828 divino
1068 1798 1189 1828 semine

883 1844 995 1877 Floret
1020 1847 1051 1875 et
1076 1845 1216 1883 pullulat

933 1895 1035 1924 mater
1060 1891 1092 1922 in
1120 1892 1256 1933 virgine,

982 1939 1111 1979 Nosque
1136 1941 1273 1972 sollenni

887 1988 1069 2020 Laudemus
1097 1987 1266 2020 Dominum

934 2036 1022 2067 vocis
1047 2035 1208 2079 obsequio,

887 2085 966 2117 Cum
993 2087 1086 2124 patre
1112 2085 1266 2117 luminum

934 2137 1067 2164 matrem
1096 2141 1164 2165 cum
1192 2133 1259 2165 filio

885 2182 1010 2214 Laudet
1038 2185 1068 2212 et
1095 2182 1261 2220 praedicet

933 2233 1042 2261 nostra
1069 2229 1196 2262 devotio

982 2277 1092 2309 Laude
1116 2279 1259 2318 perenni.

92 2413 119 2450 8,
144 2414 161 2443 7
183 2415 310 2449 Quaere.
333 2429 371 2434 —
393 2412 437 2447 10,
459 2411 551 2441 8—11
576 2412 680 2440 stehen
702 2411 868 2440 irrtiimlich
889 2411 965 2439 noch
988 2411 1096 2439 einmal
1119 2422 1172 2440 vor
1195 2411 1238 2446 10,
1262 2412 1287 2440 l.
