1651 2680
640 91 876 127 -51-

94 187 176 221 103.
203 186 286 218 Nam
312 187 456 220 salutans
482 191 514 218 te
540 189 661 220 centies
786 189 866 221 104.
894 187 959 221 Sed
984 186 1079 219 saluti
1105 187 1151 219 sic
1176 186 1351 228 praeviam,

199 234 361 268 Provocor
385 235 427 267 ad
454 235 615 271 millesies.
891 237 938 270 Ut
961 235 1096 268 salutem
1122 236 1288 276 accipiam,

199 281 293 314 Salus
318 292 338 315 a
364 291 414 314 me
439 283 590 323 salutata,
891 284 936 316 Et
962 292 1030 315 cum
1057 283 1142 315 salus
1169 282 1307 315 defuerit

199 329 275 372 Fac,
302 335 337 362 ut
360 339 520 370 nunquam
539 331 581 362 sit
602 335 725 364 mutata
894 331 1007 364 Carnis
1034 334 1065 362 et
1090 340 1174 363 mors
1200 330 1350 372 adfuerit,

199 377 375 410 SalutantiS
402 378 536 410 intentio
890 380 980 411 Tunc
1006 383 1209 418 peccatorum
1235 379 1360 410 veniam

196 427 227 458 A
253 427 366 458 salutis
394 426 537 466 servitio,
891 427 934 458 Et
960 427 1093 458 salutem
1120 427 1291 459 inveniam.

165 511 245 538 Orat.
277 519 330 539 ms.
363 511 521 539 Caelestin.
555 514 585 539 S.
620 513 734 539 Mai-iae
765 512 800 539 de
830 513 963 539 Parisius
995 520 1070 538 saec.
1104 510 1147 538 15.
1175 512 1246 539 Cod.
1274 513 1416 539 Mazariu.

90 548 258 584 3897(605).
280 565 317 570 —
337 549 384 577 An
405 551 478 577 zwei
501 550 613 577 §tenen
636 550 702 577 sind
724 559 770 577 am
791 551 893 578 Raude
915 551 963 577 die
984 551 1076 577 verse
1095 551 1327 586 nachgetragen:

530 607 601 641 Ave,
625 609 702 643 Iesu,
723 617 829 635 nomeu
851 609 968 644 plenum

530 645 651 674 Cunctis
676 647 761 673 bonis
783 650 811 673 et
832 655 975 674 serenum.

529 703 586 730 Cor
608 712 705 730 meum
726 703 840 735 durum,
862 704 975 730 aridum

529 742 644 769 Pietate
668 743 715 768 fac
737 741 896 769 humidum.

165 798 207 826 Es
229 800 268 825 ist
287 799 371 827 indes
392 799 473 826 nicht
495 799 673 831 ersichtlich,
695 808 740 826 wo
762 799 912 827 dieselbeu
934 798 1147 834 eingeschaltet
1169 798 1284 826 werden
1307 798 1410 826 sollen.

509 930 556 962 39.
598 932 640 962 De
663 929 841 961 Nominibus
863 930 989 962 Christi.

261 1019 469 1060 Omnipotens
498 1019 544 1050 vis
572 1020 667 1061 trina,
700 1019 798 1057 Deus,
826 1023 919 1058 pater
944 1019 1064 1059 optime
1092 1028 1207 1062 rerum,

259 1067 327 1106 Quo
353 1072 505 1099 narrante
531 1073 619 1100 satus
646 1068 714 1099 sine
739 1071 894 1108 tempore,
921 1068 1051 1105 semine,
1080 1071 1192 1106 matre,

259 1115 349 1155 Ortu‚
377 1115 450 1157 fine,
478 1116 548 1146 loco
575 1116 624 1147 vel
651 1115 812 1157 membriS,
841 1119 913 1156 post
940 1119 1121 1155 coronatus,

260 1163 453 1196 Permittens
480 1165 579 1206 cerni,
608 1164 708 1196 multo
735 1172 860 1203 quoque
886 1164 1012 1195 nomine
1040 1163 1143 1194 dictus

202 1216 234 1247 5.
262 1211 352 1254 Spes,
380 1212 472 1253 ratio,
501 1211 576 1251 vita,
605 1212 701 1253 salus,
730 1211 898 1250 sapientia,
927 1221 1024 1250 mens,
1054 1220 1154 1247 mons,

260 1259 374 1302 Iudex,
401 1265 506 1300 porta,
534 1260 633 1300 gigas,
661 1269 718 1291 rex
745 1256 897 1303 [regum],
924 1269 1057 1300 gemma,
1086 1259 1246 1301 sacerdos,

258 1308 404 1351 Messias,
433 1307 585 1349 Sabaoth,
614 1308 717 1347 rabbi,
745 1316 890 1349 sponsus,
919 1308 1086 1347 mediator,

259 1356 370 1397 Virga,
397 1356 554 1398 columba,
583 1366 705 1396 manus,
733 1359 835 1396 petra,
864 1356 957 1394 tilius,
989 1356 1154 1393 Emanuel,
1186 1356 1251 1395 lux,

258 1404 371 1445 Vinea⁷
398 1408 518 1444 pastor,
545 1405 624 1442 ovis,
653 1414 726 1444 pax,
754 1403 858 1441 radix,
888 1404 972 1441 vitis,
999 1404 1094 1441 oliva,

179 1454 232 1486 10.
259 1451 356 1494 Fons,
384 1453 515 1495 hoedus,
544 1453 647 1493 panis,
675 1461 784 1493 agnus,
813 1453 943 1492 vitulus,
971 1453 1030 1494 le0,
1061 1452 1161 1491 Iesus,

259 1501 408 1544 Verbum,
437 1501 540 1542 homo,
570 1506 647 1543 rete,
675 1501 768 1542 lapis,
797 1500 963 1541 Dominus,
991 1500 1089 1540 Deus,
1111 1500 1226 1541 omnia,
1247 1499 1412 1532 Christus.

163 1587 283 1615 Collect.
304 1596 356 1614 ms.
381 1587 562 1622 Tegurinum
584 1595 660 1613 saec.
685 1584 728 1614 10,
745 1585 817 1612 Clm.
833 1587 987 1613 Monacen.
1012 1582 1118 1613 18628.
1141 1600 1176 1604 -—
1198 1584 1216 1612 4
1237 1585 1357 1612 dictum.
1374 1599 1410 1604 -—

89 1624 105 1653 7
125 1627 244 1658 Mesias,
267 1623 410 1659 Sabaoth,
432 1625 553 1652 Rabbis.

287 1739 338 1771 40.
382 1739 424 1770 De
447 1737 656 1770 Gener-atione
679 1735 795 1768 Christi
819 1739 953 1768 aeterna
973 1738 1006 1767 et
1026 1737 1206 1776 temporali.

103 1831 133 1864 1.
159 1829 308 1862 Nondum
335 1838 441 1862 rerum
467 1829 550 1860 serie
796 1829 828 1861 3.
856 1828 917 1860 Hic
946 1832 993 1858 est
1018 1836 1107 1858 mens
1133 1829 1291 1869 altissimi,

158 1878 207 1911 De
232 1878 355 1918 primae
382 1877 537 1909 materiae
852 1877 948 1910 Cuius
975 1876 1085 1915 nequit
1111 1877 1246 1916 exprimi

206 1927 415 1967 sequestrata
440 1925 571 1968 gremio,
898 1924 984 1955 Mira
1010 1925 1192 1967 generatioz,

157 1976 257 2009 Immo
283 1976 374 2016 prius
401 1974 495 2006 etiam
853 1973 915 2004 Hic
939 1976 985 2003 est
1013 1972 1180 2015 sapientia,

154 2025 255 2065 Quam
282 2024 418 2064 primam
444 2020 611 2054 materiam
852 2021 919 2060 Qua
947 2021 1067 2052 creavit
1093 2022 1198 2052 omnia

203 2071 345 2105 Sevisset
371 2070 503 2110 creatio,
902 2069 989 2100 Deus
1013 2068 1046 2100 in
1072 2069 1242 2109 principio.

97 2162 129 2196 2,
154 2160 226 2193 Fax
251 2159 376 2191 aeterni
402 2158 542 2196 luminis,
794 2157 826 2190 4.
855 2156 916 2188 Hic
942 2159 991 2187 est
1016 2156 1147 2188 verbum
1174 2158 1323 2198 patrium,

153 2207 267 2241 Totius
291 2207 426 2247 originis
853 2204 992 2236 Verbum
1019 2204 1230 2238 firmatorium

202 2255 311 2288 Radix
335 2259 368 2287 et
391 2255 529 2293 initium,
898 2252 1066 2285 Caelorum
1093 2258 1125 2285 et
1149 2254 1302 2294 siderum,

155 2304 224 2337 Lex
250 2306 283 2335 et
307 2307 412 2336 motus
437 2302 602 2345 temporis,
851 2300 1002 2343 Verbum,
1030 2302 1115 2341 quod
1140 2311 1214 2334 caro
1240 2301 1371 2345 factum,

154 2353 206 2386 Ex
232 2361 351 2385 arcano
376 2350 517 2392 pectoris
853 2349 993 2381 Verbum
1021 2352 1053 2380 et
1078 2350 1164 2390 quod
1189 2350 1343 2383 intactum

204 2400 393 2434 Genuerunt
417 2399 530 2432 filium.
900 2397 1008 2429 Fecun
1013 2397 1102 2430 davit
1126 2403 1263 2432 uterum.
