1651 2680
175 165 227 197 15.

691 64 950 100 -360-

256 164 340 204 Opes
367 162 498 199 Tiberii,

253 211 366 243 Gloria
392 211 476 250 Iulii,

302 257 407 290 Marci
435 257 616 289 facunditas

254 306 333 337 Sunt
361 304 565 337 audientibus

255 355 363 394 Atque
390 352 571 384 videntibus

301 399 410 432 Veluti
437 401 567 434 somnia.

864 161 920 194 18.
948 160 1012 193 Sed
1038 167 1097 192 nec
1121 159 1327 199 grammatica

943 208 1012 240 Nee
1038 207 1206 240 dialectica

991 256 1059 289 Nec
1084 254 1178 287 flores
1203 254 1314 295 Tullii,

943 304 1028 344 Quos
1054 304 1249 339 erudierant,

941 353 972 384 A
999 355 1099 383 morte
1125 351 1262 382 liberant

990 399 1093 432 Huius
1119 398 1235 430 exsilii.

174 479 229 511 16.
257 478 338 509 Olim
366 477 527 516 Virgilius,
860 476 916 509 19.
943 476 1078 516 Oportet
1101 474 1209 513 igitur,

254 527 353 557 Vates
381 525 538 565 egregius,
947 524 1104 562 Quamdiu
1130 522 1258 560 vivitur,

302 574 443 605 Laudem
470 571 656 612 promeruit,
990 571 1078 610 Opus
1103 569 1269 608 perficere,

252 622 401 660 Quamvis
427 620 495 651 laus
523 619 682 650 hominum
942 619 988 652 Ut
1012 618 1081 650 Deo
1105 618 1241 657 placeat.

255 669 331 699 Post
357 669 441 700 vitae
467 668 634 699 terminum
941 666 985 698 Et
1009 666 1061 697 hic
1085 675 1147 697 non
1174 666 1279 697 valeat

303 716 356 748 Nil
382 715 444 747 sibi
468 714 600 755 profuit.
990 714 1130 747 Mundus
1156 712 1297 745 inficere.

175 789 227 820 17.
255 788 322 819 Nec
349 788 442 818 Plato
468 786 607 826 plurima
859 787 916 819 20.
943 785 987 816 Et
1013 794 1082 816 cum
1109 785 1148 815 de
1175 784 1322 816 omnibus

260 835 409 868 Scribens
438 835 476 866 de
503 835 608 865 anima

302 883 438 915 Mortem
467 881 603 913 detinuit

256 932 317 963 Per
343 931 530 970 sapentiam,

254 980 351 1011 Cuius
376 978 520 1009 notitiam

943 833 1068 864 Saeculi
1094 832 1217 863 actibus

989 880 1078 912 Nihil
1104 881 1275 920 supererit,

942 928 1061 959 Nostra
1085 928 1149 959 sint
1174 928 1291 966 gaudia

942 977 979 1007 In
1005 976 1062 1007 illa
1087 975 1200 1015 gloria,

304 1026 418 1057 Veram
447 1035 507 1056 non
536 1024 655 1057 habuit.
988 1025 1075 1064 Quae
1101 1032 1261 1062 nunquam
1289 1023 1456 1062 praeterit.

235 1097 354 1124 Collect.
377 1106 427 1122 ms.
444 1098 592 1122 Seitzense
614 1103 688 1122 saer.
706 1093 749 1122 15.
790 1094 860 1122 Cod.
876 1096 998 1122 Roman.
1013 1092 1069 1121 602
1081 1094 1184 1127 (Varia
1199 1093 1235 1127 4).
1252 1094 1285 1121 Α.
1299 1109 1337 1112 -
1357 1094 1480 1122 Collect.

160 1145 211 1161 ms.
233 1136 337 1162 Incert.
360 1136 438 1166 Oria.
468 1144 542 1162 saec,
576 1132 617 1160 15.
664 1134 734 1160 Cod.
755 1131 849 1160 Vatic.
872 1131 955 1159 4257.
978 1134 1011 1160 Β,
1033 1147 1068 1151 -
1092 1131 1122 1163 2,
1153 1132 1171 1159 4
1192 1133 1248 1159 Sed
1270 1141 1365 1160 rerum
1386 1134 1419 1160 A.
1443 1147 1478 1151 —

160 1172 193 1205 3,
220 1173 237 1201 5
266 1173 406 1199 mutabile
431 1173 466 1198 A.
492 1187 525 1192 -—
547 1171 579 1203 4,
609 1171 627 1198 4
648 1174 750 1199 mortis
771 1171 868 1198 taedio
889 1172 923 1198 A.
945 1187 981 1190 —
1003 1170 1035 1203 5,
1065 1171 1077 1198 1
1101 1172 1178 1198 Dum
1199 1180 1268 1205 ergo
1288 1171 1322 1197 A.
1345 1185 1380 1190 ——
1401 1169 1434 1204 9,
1460 1169 1480 1198 5

160 1212 219 1238 Aut
240 1211 441 1237 celsitudinem
458 1212 489 1236 B.
512 1225 547 1228 —
571 1208 613 1241 10.
638 1210 650 1236 1
676 1211 768 1245 impia
784 1210 815 1236 Β.
839 1223 874 1227 -
898 1207 940 1240 10,
963 1208 980 1236 2
1001 1212 1098 1236 omnia
1116 1211 1146 1236 B.
1165 1223 1199 1228 -—
1219 1208 1260 1241 10,
1283 1209 1300 1235 6
1314 1209 1479 1245 speculatio

161 1251 193 1276 B.
217 1263 251 1268 -ι
275 1248 322 1279 12,
346 1248 362 1272 t'.
385 1250 479 1283 plat-et
500 1249 532 1274 B.
557 1263 588 1266 —
614 1248 661 1282 14,
683 1247 700 1275 6
722 1248 864 1283 redigitur
885 1249 914 1274 B.
937 1262 972 1266 -—
995 1245 1038 1277 15,
1061 1247 1078 1274 ὃ
1099 1247 1139 1274 Et
1161 1256 1220 1274 non
1242 1247 1420 1275 videntibus.
1442 1261 1479 1266 -—

162 1288 218 1314 Str.
233 1286 266 1314 16
282 1288 307 1313 ff.
321 1287 416 1313 fehlt-n
431 1288 460 1313 15.
474 1302 508 1305 —-
522 1286 695 1313 Aufschrift:
710 1287 888 1321 „Sequentia
899 1286 933 1312 de
945 1290 1113 1321 contemptu
1124 1285 1240 1313 ῐηιιιιᾱὶκ
1255 1286 1294 1319 Ας
1305 1286 1481 1321 Expliciunt

160 1334 230 1352 vera
251 1329 341 1352 verita
363 1325 397 1351 de
417 1329 584 1359 contemptu
604 1324 715 1351 mnndi.
755 1322 950 1351 Beruaffiusf‘
979 1326 1009 1350 Β.

566 1417 624 1447 317.
665 1416 707 1447 De
729 1424 865 1455 superna
886 1417 1068 1448 ierusalem.

859 1488 890 1519 4.
918 1486 1014 1518 Lucis
1040 1491 1151 1518 auctor
1183 1490 1214 1517 et
1239 1487 1391 1526 perennis

967 1535 1012 1566 Es
1038 1536 1144 1575 orirgo
1172 1535 1310 1571 luminis,

178 1489 209 1520 1.
236 1489 331 1519 Sume
349 1488 515 1526 plectrum,
542 1487 660 1527 lingua,
682 1486 788 1525 metri,

284 1536 391 1574 Tange
419 1535 554 1566 chordas
581 1534 732 1574 trochaei,

234 1583 374 1615 Aureum
403 1583 553 1621 deprome
580 1590 705 1613 carmen

282 1632 388 1661 Aurea
416 1630 455 1660 de
481 1630 595 1668 patria,

234 1678 294 1710 Est
319 1677 374 1709 ubi
400 1678 493 1709 beata
518 1678 584 1709 vita

282 1727 324 1757 Et
352 1726 500 1765 perennis
526 1724 638 1765 gloria.

181 1803 210 1833 2.
238 1801 317 1840 Fige
343 1802 450 1833 stilum
478 1802 590 1840 dicque
613 1801 767 1841 primum:
863 1804 894 1834 5.

286 1850 418 1891 Rumpe,
448 1849 583 1887 Christe,
611 1849 769 1880 vinculum

238 1897 351 1929 Cordis
378 1902 407 1929 et
434 1896 530 1928 fibras
557 1897 690 1938 resolve,

285 1946 329 1978 Ut
354 1949 408 1977 tuo
435 1945 474 1976 de
500 1946 627 1976 numine

237 1992 372 2024 Metrice
399 1993 448 2024 vel
474 2002 578 2032 pauca.
602 1992 722 2031 possim

285 2041 330 2071 Te
355 2041 484 2073 iuvante
511 2041 626 2072 dicere.

179 2117 210 2148 3.
237 2116 285 2148 Tu
311 2121 452 2156 potestas
479 2117 626 2157 gloriosa,

283 2164 333 2196 Tu
357 2166 509 2196 maiestas
534 2166 639 2202 unica,

236 2213 285 2246 Tu
311 2216 435 2244 tuorum
462 2211 628 2252 fortitudo,

286 2260 395 2292 Virtus
421 2265 453 2292 et
477 2261 630 2300 potentia,

241 2308 288 2341 Tu
317 2309 412 2340 decus
439 2311 615 2340 creaturam

291 2356 383 2388 Salus
410 2365 442 2388 es
469 2361 499 2388 et
523 2356 672 2390 omnium.

865 2118 896 2149 6.

919 1582 1047 1613 Veritas
1074 1583 1113 1614 de
1139 1583 1285 1619 veritate,

968 1631 1089 1662 Lumen
1117 1639 1149 1661 es
1177 1631 1217 1661 de
1242 1631 1371 1671 lumine,

921 1678 988 1716 Quo
1014 1678 1115 1709 beatis
1141 1679 1336 1717 sempiterna

968 1727 1080 1758 Manat
1103 1726 1173 1765 ipsa
1201 1728 1330 1761 caritas,

921 1802 1032 1834 Manat
1058 1802 1133 1834 inde
1159 1804 1235 1840 vita,
1262 1804 1358 1846 salus,

969 1851 1079 1882 Manat
1106 1850 1341 1893 immortalitas,

920 1898 1027 1929 Vestis
1053 1902 1129 1938 apta
1155 1899 1308 1939 nuptialis

969 1946 1079 1977 Manat
1106 1946 1177 1986 ipsa
1203 1948 1332 1987 caritas,

919 1994 988 2031 Qua
1013 1994 1125 2025 beatus
1151 1993 1348 2034 perfruendo

970 2041 1058 2073 Vivit
1083 2043 1184 2074 omnis
1210 2043 1356 2082 spiritus.

923 2117 969 2149 Es
995 2122 1027 2149 et
1052 2118 1121 2158 ipse
1146 2117 1218 2150 fons
1244 2129 1397 2161 aquarum

969 2166 1163 2198 Cunctarum
1189 2167 1376 2209 viventium,

923 2212 1017 2246 Ultro
1043 2217 1074 2245 te
1100 2214 1221 2246 bibenti
1247 2216 1370 2257 prodis,

969 2261 1065 2294 Ultro
1087 2263 1194 2294 tendis
1219 2263 1362 2298 brachia.

923 2309 983 2348 Qui
1009 2309 1086 2349 sitit,
1113 2311 1204 2343 sitire
1231 2312 1326 2349 desit,

971 2358 1028 2390 Sat
1052 2357 1153 2397 bibat,
1180 2363 1230 2391 sat
1254 2361 1392 2395 hauriat.
