1651 2680
97 194 134 225 5.
158 191 246 232 Quae
272 189 423 222 baiulasti
449 189 558 234 filium,

618 113 662 119 —·
714 94 781 129 175
831 114 878 119 —-

155 238 248 270 Vitae
273 241 306 270 et
331 238 443 269 mortis
470 239 645 277 dominum,

152 287 244 326 Fuga
268 289 414 317 catervas
441 286 640 327 daemonum,

155 335 286 367 Donans
314 333 405 365 nobis
431 335 617 375 remedium,

205 381 303 422 Virgo
329 382 444 414 Maria.

122 515 130 523 .
157 489 183 521 Ο
210 487 405 519 consolatrix
434 487 573 521 domina.

157 537 246 576 Quae
272 535 419 567 omnibus
446 545 478 567 es
505 537 620 573 omnia,

154 583 274 616 Delicti
301 583 390 614 solve
417 584 554 621 vincula,

151 633 238 673 Quae
265 639 316 662 me
341 635 492 670 torquent
510 636 573 664 tam
593 632 715 673 gravia,

199 679 307 711 Mater
333 680 452 712 Maria.

119 811 127 819 .
153 786 240 822 Heu,
267 794 360 824 quam
387 784 529 816 nefanda
556 786 689 817 crimina
792 786 832 818 12

154 834 198 866 Et
223 833 308 864 omni
335 833 408 864 labe
432 833 576 871 sordida,

155 882 274 914 Plenus
299 890 368 912 sum
393 881 603 913 immunditiis

153 930 197 962 Et
223 927 346 960 foetore
372 929 536 967 libidinis3

202 977 314 1015 Parce,
341 977 458 1011 Mar-ia.

117 1110 125 1118 .
152 1084 236 1119 Heu,
265 1083 355 1115 dirae
381 1084 493 1114 mortis
520 1085 657 1124 sarcina,

150 1133 238 1173 Quae
265 1137 299 1162 ut
326 1130 377 1162 fur
402 1141 512 1162 omnes
535 1133 665 1163 enecas!

153 1181 220 1220 Quo
246 1189 314 1210 mea
343 1179 402 1210 ibit
427 1181 544 1219 anima,

157 1229 244 1268 Quae
269 1231 316 1258 tot
342 1228 512 1266 complevit
540 1228 642 1259 vitia?

203 1276 299 1317 Audi,
326 1276 442 1307 Maria.

122 1409 129 1416 .
155 1382 241 1421 Heu,
267 1390 359 1420 quam
387 1380 514 1412 fuerunt
544 1381 650 1413 dulcia

156 1431 254 1462 Plena
280 1428 402 1460 foetore
429 1429 579 1462 crimina!

156 1477 189 1510 Si
215 1481 441 1517 comparantur
466 1478 583 1515 omnia,

154 1525 230 1566 Quis
256 1529 314 1567 est,
340 1526 392 1564 qui
420 1535 469 1556 me
496 1525 637 1565 eripiat?

205 1573 314 1609 Parce.
340 1573 455 1607 Maria.

793 193 846 224 10.

795 490 848 521 11.

790 1085 842 1116 13.

788 1382 841 1413 14.

875 192 974 223 Parce
999 191 1060 223 iam
1088 190 1200 231 culpis,
1229 189 1366 230 domina,

876 241 988 278 Parce,
1015 242 1116 272 mater
1142 238 1295 278 piissima,

875 288 999 327 Rumpe
1025 287 1163 320 Satanae
1189 286 1278 327 retia,

874 335 1009 367 Nostras
1036 336 1138 375 dirige
1164 334 1305 373 semitas,

923 384 1019 423 Virgo
1046 382 1160 415 Maria.

875 489 989 520 Funde
1015 498 1128 528 preces
1154 497 1212 527 pro
1239 488 1374 526 miseris,

875 536 1060 568 Colentibus
1085 540 1116 567 te
1139 535 1282 569 subveni,

876 585 918 616 Ut
946 585 1015 624 puri
1043 595 1061 615 a
1087 584 1243 622 contagiis

876 633 943 664 Pon
970 632 1114 663 fruamur
1141 631 1268 670 gaudiis

925 681 983 711 Per
1009 686 1052 719 te,
1079 679 1194 712 Maria.

873 785 980 816 Mater
1007 784 1149 824 supremi
1175 783 1301 825 iudicis⁷

875 834 983 874 Virgo,
1011 832 1144 864 misellis
1171 831 1315 862 subveni.

873 882 915 914 Ut
943 891 1000 921 per
1026 887 1057 912 te
1083 890 1151 912 cum
1183 879 1343 910 caelicolis

872 930 1081 962 personemus
1109 928 1302 967 hymnidicis

920 978 1014 1012 Aula,
1041 976 1154 1008 Maria.

871 1085 919 1115 Tu
947 1084 1044 1123 igitur
1070 1085 1110 1114 ml
1139 1083 1247 1113 sidera

870 1132 937 1162 Nos
962 1132 1004 1162 ad
1030 1137 1060 1162 te
1087 1140 1212 1162 sursum
1239 1130 1341 1168 eleva,

872 1180 915 1212 Ut
940 1180 1024 1210 inter
1049 1188 1157 1211 sacras
1186 1179 1295 1217 epulas

871 1227 987 1258 Tecum
1013 1228 1111 1259 simus
1134 1226 1165 1256 in
1194 1226 1304 1265 gloria,

919 1275 1035 1307 Sancta
1062 1275 1178 1307 Maria.

871 1382 940 1412 Hoc
965 1381 1057 1412 nobis
1085 1380 1169 1411 trina
1197 1380 1302 1410 unitas

869 1429 911 1460 Et
936 1429 1072 1468 simplex
1101 1429 1198 1460 donet
1224 1427 1363 1464 trinitas,

873 1477 913 1509 Ut
939 1486 1001 1508 non
1027 1478 1067 1508 sit
1094 1476 1185 1508 nobis
1213 1476 1339 1507 sarcina

868 1525 984 1556 Mortis
1011 1525 1093 1564 finis,
1119 1524 1177 1555 sed
1204 1524 1314 1564 gloria.

916 1574 996 1608 Ave,
1024 1574 1140 1606 Maria.

161 1679 240 1707 Orat.
268 1688 321 1705 ms.
347 1678 527 1705 Benedictio.
548 1677 694 1711 (Monial.)
714 1686 789 1704 saec.
814 1675 884 1703 ηπ.
928 1678 997 1704 cod.
1020 1679 1115 1713 Capit.
1140 1676 1404 1713 ¹Schaffnabnrgen.

85 1716 147 1746 181.
169 1733 205 1737 —
225 1715 252 1749 2,
274 1715 290 1743 7
311 1717 412 1744 caulas
434 1726 469 1743 ne
492 1717 618 1744 differas.
640 1732 676 1736 ——
698 1714 725 1748 8,
746 1714 764 1743 3
788 1716 889 1743 Plena.
912 1731 948 1734 —
973 1715 1014 1748 12,
1037 1716 1054 1743 5
1077 1717 1144 1743 Lies
1168 1717 1238 1745 Ave,
1262 1717 1378 1742 Maria?

520 1869 578 1900 1:53.
620 1869 661 1900 De
682 1868 779 1898 Beata
800 1868 899 1898 Maria
923 1868 956 1897 V.

507 1971 532 2004 Ο
559 1970 670 2010 regina
694 1969 890 2009 angelorum,

554 2018 641 2049 mitis
667 2016 744 2048 hera
771 2017 922 2057 gentium,

510 2067 605 2099 Porta
632 2064 722 2107 caeli,
748 2069 851 2096 mater
878 2065 947 2103 Dei,

556 2114 613 2146 flos
637 2118 669 2146 et
694 2121 817 2152 gemma
843 2113 1012 2154 virginum,

508 2163 623 2195 Funde
649 2170 762 2203 preces
788 2162 875 2202 apud
902 2166 1002 2199 tuum,

556 2221 618 2251 quo
643 2209 786 2248 laetaris,
815 2210 924 2245 filium.

510 2259 554 2292 Ut
580 2259 719 2290 caeleste
744 2258 836 2290 nobis
863 2267 993 2298 regnum

559 2307 681 2339 tribuat
705 2310 778 2346 post
805 2306 939 2340 obitum.

158 2417 243 2444 Orat.
260 2424 311 2442 ms,
328 2414 509 2442 Benedictin.
524 2409 671 2445 (Monial.)
685 2419 760 2439 saec.
777 2408 851 2438 ¹²l1a.
874 2411 944 2439 cod.
957 2412 1053 2446 Capit.
1066 2410 1326 2449 Suliaffnaburgeu.
1342 2410 1403 2440 181.
