1651 2680
637 87 898 121 —111—

121 179 151 212 7.
177 178 276 212 Bonis
302 180 416 220 culpae
442 181 600 225 purgatio,
799 186 830 218 8.
855 185 916 226 Qui
940 186 1004 216 tuis
1028 186 1148 217 sanctis
1174 185 1320 217 manibus

175 227 363 260 Animarum
389 226 534 261 refectio.
859 233 1034 273 Discipulis
1060 234 1246 266 cenantibus

176 275 202 308 Ο
229 277 382 308 creatoris
409 276 566 316 dignitas!
862 282 1044 313 Prostratus
1071 282 1171 321 pedes
1197 281 1313 321 abluis,

176 324 312 364 Quanta,
339 325 443 364 qualis
469 324 650 359 humilitas!
861 330 909 361 Tu
935 330 988 369 qui
1015 329 1171 369 superbos
1199 330 1333 369 respuis,

450 413 483 443 9.
511 411 659 444 Formam
684 415 902 453 praetendens
921 415 1083 456 humilem⁷

510 459 564 491 Ad
590 466 621 492 tc
648 462 840 500 placandum
867 463 987 500 utilem,

508 507 553 538 'se
581 510 679 540 tradit
708 510 804 541 Iudas
831 512 939 542 osculo

508 555 550 586 Et
573 565 631 595 pro
659 557 714 588 vili
741 559 937 589 munusculo.

179 649 299 676 Collect.
321 659 373 676 ms.
396 650 424 677 S.
447 651 560 677 Mariae
584 652 678 678 Vallis
701 653 776 678 Pisii
799 661 874 679 saec.
900 652 941 680 15.
985 653 1052 679 Cod.
1077 654 1209 681 Vaticau.
1234 655 1308 689 Reg.
1331 651 1396 680 349.

483 802 529 832 69.
571 802 729 834 salutatio
752 803 895 842 Corporis
918 803 1042 834 Christi.

114 902 144 934 1.
170 903 240 933 Ave
265 905 397 933 verbum
423 902 634 941 incarnatum,
792 905 822 935 3.
852 905 900 935 Tu
926 905 965 935 de
993 904 1088 935 caelis
1117 904 1324 936 descendisti.

169 949 218 981 De
244 951 390 990 supernis
418 950 508 981 nobis
537 950 657 984 datum.
851 952 943 983 Salus
971 951 1079 983 mundi
1106 953 1265 983 advenisti

173 998 210 1029 In
235 997 330 1029 altari
356 1002 586 1037 consecratum,
851 1000 894 1031 Et
919 1000 1035 1032 latroni
1063 1001 1246 1038 pepercisti,

169 1046 232 1078 Pro
257 1046 360 1077 salute
387 1046 496 1077 mundi
524 1051 642 1080 natum.
852 1048 950 1079 Parce
977 1048 1064 1087 mihi,
1093 1057 1208 1087 corpus
1235 1048 1365 1079 Christi.

111 1143 141 1174 2.
170 1143 373 1174 Incarnatum
401 1142 530 1173 verbum
560 1143 631 1179 Dei,
789 1143 820 1174 4.
850 1143 931 1174 Novi
956 1143 1038 1173 calix
1067 1144 1259 1184 testamenti,

170 1189 337 1229 Miserere,
363 1199 487 1230 precor,
515 1191 587 1228 mei,
848 1191 956 1230 Magni
989 1190 1093 1222 factor
1120 1192 1281 1228 elementi,

169 1237 216 1268 Tu
242 1246 292 1269 me
317 1239 410 1278 iunge
433 1247 561 1278 semper
587 1240 625 1280 ei,
849 1240 927 1271 Cum
956 1240 1073 1270 virtute
1100 1240 1283 1270 vescimenti

169 1285 217 1317 Ne
244 1285 410 1326 insurgant
436 1287 466 1317 in
495 1295 545 1317 me
572 1287 628 1319 rei.
848 1287 926 1318 Esto
952 1287 1032 1318 tixus
1059 1295 1147 1319 meae
1174 1289 1282 1321 menti.

172 1380 284 1407 Collect
315 1391 367 1408 ms.
382 1382 550 1408 Veronense
570 1391 644 1409 saec.
670 1380 712 1408 14.
748 1381 818 1408 Cod.
835 1382 929 1418 Capit.
947 1383 1091 1408 veronen.
1113 1382 1169 1410 823
1191 1382 1277 1413 (319⁸.
1301 1398 1334 1400 fi
1351 1382 1376 1409 4.
1399 1382 1416 1409 3

94 1420 282 1446 vestimenti?
304 1437 338 1440 —
362 1421 443 1447 Nach
464 1419 490 1450 4,
513 1418 531 1446 4
554 1420 608 1447 Per
630 1424 709 1447 tuam
731 1421 974 1448 misericordiam.
999 1437 1031 1439 —

538 1572 584 1601 70.
628 1573 667 1602 De
690 1572 822 1611 Corpore
846 1571 971 1602 Christi.

111 1672 139 1704 1.
166 1671 191 1702 O
216 1676 353 1710 quantae
378 1671 586 1711 perfeetionis
784 1672 814 1703 3.
844 1672 929 1703 Audi
957 1670 1089 1702 formam
1118 1673 1280 1711 novitatis,

163 1719 222 1750 Est
249 1719 296 1751 vis
322 1720 413 1751 huius
437 1720 582 1761 actionis,
844 1720 975 1751 Plenam
1002 1723 1107 1751 tamen
1135 1721 1298 1763 bonitatis,

212 1768 289 1800 Cum
320 1769 378 1800 sub
404 1768 550 1800 manibus
577 1769 723 1801 humanis
895 1768 987 1799 Panis
1011 1767 1045 1798 fit
1069 1769 1113 1805 id,
1140 1769 1226 1811 quod
1251 1779 1312 1801 non
1335 1775 1414 1812 erat,

210 1816 265 1848 Fit
291 1817 400 1848 divina
427 1825 502 1848 caro
528 1818 634 1856 panis,
892 1816 932 1847 Et
960 1825 1021 1847 non
1047 1816 1083 1847 fit
1108 1817 1186 1858 nisi,
1214 1817 1299 1856 quod
1325 1823 1414 1859 erat,

159 1864 202 1896 Et
228 1864 379 1903 dignatur
402 1866 569 1896 attrectari
844 1864 903 1895 Hic
929 1865 1095 1895 conversio
1121 1864 1266 1897 formalis

161 1913 235 1952 Ipse
262 1912 410 1945 Christus
436 1914 467 1944 in
493 1913 588 1945 altari
841 1913 911 1944 Non
938 1916 996 1949 est,
1024 1912 1081 1943 sed
1107 1913 1338 1955 substantialis,

256 1960 374 1994 Factus
401 1962 612 1993 eucharistia!
935 1960 1003 1992 Nec
1029 1962 1130 1993 crevit
1156 1962 1345 1995 substantia.

101 2059 131 2091 2.
159 2058 184 2090 O
211 2059 388 2091 mirandam
415 2059 601 2096 novitatem,
778 2060 808 2090 4.
840 2056 926 2102 [Non
952 2061 1000 2088 est
1026 2055 1094 2098 hic]
1116 2067 1228 2089 sensus
1246 2058 1302 2089 sed
1321 2058 1412 2097 fides,

159 2106 237 2140 Cum
264 2116 324 2147 per
350 2108 439 2140 verbi
465 2112 656 2148 potestatem
839 2105 999 2148 Est‚quod
1009 2105 1301 2147 credis,non,qu0d
1311 2107 1412 2148 vides,

202 2156 340 2188 Formae
371 2161 498 2188 manent
527 2160 558 2186 ct
584 2155 715 2197 figurae,
886 2155 954 2186 Etsi
973 2163 1089 2193 corpus
1108 2159 1166 2195 est,
1182 2155 1269 2194 quod
1293 2156 1408 2195 tangis,

203 2204 268 2237 Sed
297 2208 467 2236 vertuntur
496 2205 681 2236 creaturae!
888 2203 958 2235 Non
995 2206 1043 2233 est
1078 2206 1183 2235 tamen
1212 2204 1288 2245 hoc,
1325 2206 1410 2243 quod

154 2252 236 2284 Nam
271 2262 330 2285 nec
361 2253 454 2294 panis
481 2261 583 2292 neque
610 2252 715 2283 vinum
1237 2251 1377 2292 frangis,

154 2301 215 2333 Est
239 2301 292 2333 hic
319 2305 392 2343 post
409 2301 541 2333 verbum
561 2301 715 2339 divinum,
837 2299 918 2331 Nam
953 2299 980 2330 si
1016 2297 1139 2338 perfert
1165 2304 1251 2331 tuum
1277 2304 1409 2343 tactum,

252 2349 315 2382 Sed
343 2350 463 2384 Christi
490 2348 684 2389 praesentia.
839 2348 957 2388 Nequit
982 2350 1088 2378 tamen
1116 2357 1185 2380 esse
1211 2347 1349 2381 fractum

934 2395 1002 2427 Nec
1028 2395 1095 2436 pati
1120 2398 1279 2429 mortalia.
