1651 2680
615 712 682 742 293.

153 823 181 854 1.
209 822 235 854 Ο
261 831 336 853 cara
359 821 477 863 anima,

209 869 278 902 Deo
304 870 458 909 pretiosa,

209 917 257 950 Tu
279 926 312 948 es
338 918 508 958 redempta

208 965 370 1006 Sanguine
395 965 519 998 Christi

257 1013 322 1047 Sub
347 1014 414 1046 illo.

149 1109 180 1132 ·.
207 1101 296 1132 Intus
322 1109 430 1132 amore

206 1148 297 1181 Illius
322 1149 410 1186 arde,

206 1197 262 1230 Uti
288 1197 332 1228 sis
358 1197 459 1238 salva,

205 1245 356 1285 Undique
381 1249 450 1277 tuta

252 1293 318 1326 Sub
343 1294 411 1325 illo.

169 1405 176 1413 .
203 1379 324 1412 Rector
350 1383 382 1411 et
408 1384 521 1412 auctor

203 1428 299 1461 Orbis
325 1427 443 1468 ubique

203 1476 248 1508 Te
275 1476 363 1517 cupit
389 1485 459 1508 esse

203 1524 350 1564 Namque
375 1525 547 1565 benignam

251 1572 317 1605 Sub
341 1573 409 1605 illo.

167 1687 174 1693 .
201 1660 292 1691 Mitis
317 1659 442 1694 adesto,

200 1708 344 1748 Corpore
371 1711 469 1745 casta.¹

201 1756 332 1796 Integra
357 1756 434 1797 fide,

199 1805 327 1837 clarior
352 1809 426 1836 actu

247 1852 312 1885 Sub
339 1853 405 1885 illo.

163 1969 170 1975 .
197 1941 274 1983 Ista,
301 1950 382 1980 quae
409 1941 525 1981 cernis,

197 1988 333 2021 Saecula
359 1992 475 2021 cuncta

197 2037 277 2070 Sunt
304 2047 388 2070 vana
412 2038 511 2069 menti

199 2086 283 2119 Pura
308 2086 454 2118 cernenti

245 2133 311 2167 Sub
337 2134 405 2168 illo.

161 2250 168 2257 .
196 2221 292 2254 Nunc
317 2224 424 2254 manet
447 2221 540 2264 fides,

195 2269 277 2310 Spes
305 2270 496 2312 caritasque,

195 2318 258 2350 His
280 2317 386 2350 tribus
410 2319 513 2350 maior

194 2367 256 2400 Est
281 2366 400 2399 caritas
425 2369 502 2399 tunc

243 2415 310 2448 Sub
335 2415 404 2448 illo.

722 711 767 743 Ad
787 713 938 744 Animam.

847 825 877 858 7.
905 825 1018 857 Genua
1042 826 1113 866 fige,

906 873 1049 912 Corpora
1076 875 1208 916 stringe,

902 921 1065 954 Christum
1091 922 1191 954 adora

903 969 1038 1000 Pectore
1065 973 1131 1001 toto

954 1017 1019 1049 Sub
1045 1017 1112 1049 illo.

842 1103 872 1135 8.
899 1103 960 1135 Illo
988 1103 1174 1136 holocausto

898 1151 1001 1183 Deum
1029 1153 1182 1191 placabis,

900 1200 1006 1232 Corde
1032 1201 1170 1232 contrito

900 1248 933 1280 Si
961 1247 1041 1279 bene
1067 1248 1192 1289 plangis

948 1296 1014 1328 Sub
1040 1297 1108 1328 illo,

839 1386 871 1415 9.
899 1382 985 1414 Laus
1011 1387 1066 1414 tua
1091 1383 1170 1424 sola,

899 1430 1010 1462 Gloria
1038 1435 1153 1462 cuncta

899 1478 947 1510 Sit
974 1478 1060 1510 Deus
1087 1479 1189 1511 almus

897 1526 1031 1566 Semper
1057 1527 1176 1567 ubique

945 1575 1010 1607 Sub
1038 1576 1103 1608 illo,

815 1662 868 1694 10.
897 1662 955 1693 Est
983 1665 1037 1693 tua
1061 1670 1184 1694 merces

896 1710 944 1741 Pii
971 1710 1102 1747 laboris,

895 1757 929 1789 Si
956 1758 1050 1790 modo
1078 1758 1196 1791 clamas

896 1805 998 1838 Nocte
1025 1807 1139 1846 dieque

944 1854 1008 1886 Sub
1036 1855 1102 1886 illo.

810 1942 864 1975 11.
893 1942 972 1982 Regi
999 1946 1029 1972 et
1056 1946 1187 1974 aeterno

892 1990 1005 2021 Iuncta
1032 1994 1157 2022 maneto

891 2038 940 2069 Ac
966 2047 1088 2070 memor
1113 2046 1182 2071 esto

894 2086 999 2119 Patris
1025 2092 1059 2118 et
1083 2088 1196 2119 matris

940 2134 1005 2166 Sub
1033 2136 1098 2167 illo.

809 2222 863 2255 12.
891 2222 971 2254 Esto
999 2223 1126 2263 devota,

891 2269 1045 2303 Omnibus
1073 2270 1136 2311 pia,

890 2319 916 2351 O
943 2328 1017 2351 cara
1044 2319 1161 2359 anima,

889 2369 997 2408 Atque
1022 2367 1117 2400 beuta

937 2415 1003 2448 Sub
1029 2416 1094 2449 illo.
