1651 2680
632 92 889 127 —351—

363 189 466 217 Talem
488 196 613 225 poenam
634 190 804 223 praevenite

404 228 477 255 Cum
499 227 682 260 paenitentia
704 230 733 253 et
755 228 907 255 laboribus
927 228 1091 260 (doloribus
1114 229 1154 261 C),

365 266 409 294 Ne
429 266 515 293 vobis
537 265 652 292 dicatur
673 266 730 292 Ite

405 304 584 332 Novissimis
606 305 797 339 temporibus

97 349 148 385 17,
177 349 191 378 1
213 351 362 379 damnatis
383 351 442 379 AB.
464 365 502 370 —-
522 349 570 382 17,
593 349 612 378 3
633 352 715 384 Quae
737 352 823 379 vobis
845 354 967 380 multum
989 354 1047 380 AB.
1069 369 1107 373 —
1130 352 1180 384 17,
1202 353 1220 380 4
1240 354 1280 380 Et
1302 353 1367 381 ideo
1390 354 1420 380 in

94 391 158 417 vita
178 390 258 417 bona
278 392 464 426 perseverate
480 390 522 422 B;
544 390 654 417 Contra
670 399 756 425 qnam
774 399 826 416 vos
842 395 1015 426 praeparate
1039 392 1069 418 C.
1090 407 1127 411 -—
1150 390 1194 422 19,
1215 392 1233 419 4
1256 393 1285 419 in
1307 401 1419 419 errores

95 428 155 456 AB.
177 443 215 447 —
235 426 286 461 21,
315 426 328 454 l
351 437 415 455 sum
438 429 481 455 sic
501 428 588 455 datus
610 428 640 455 C.
662 443 699 447 —-
722 428 774 460 21,
796 428 814 456 2
837 430 910 459 Heu,
934 438 1082 465 nunquam
1106 431 1146 457 fui
1174 437 1260 458 natus
1282 432 1321 463 B3
1345 432 1422 461 Heu,

93 474 244 502 nunquam
266 467 386 494 fuissem
407 469 496 494 natus
517 468 552 494 A.

208 1054 262 1087 10.

209 1294 265 1328 15.

206 1536 263 1569 20.

204 1778 262 1810 25,

203 2021 260 2054 30.

207 2264 262 2296 35.

608 541 677 571 308.
718 540 804 572 Vado
825 542 915 572 mori.

292 619 383 651 Vado
408 621 501 661 mori,
528 621 623 659 mori,
651 626 784 652 naturae
811 621 901 661 cedo,
930 623 1057 659 recedo,

341 668 383 700 Ut
410 674 558 708 pereunt,
585 669 705 700 abeunt
733 672 850 707 cetera,
877 670 958 700 vado
985 670 1076 702 mori.

291 716 385 748 Vada
410 716 492 747 mori
519 720 632 757 tortus⁷
661 722 750 748 ortus
776 717 834 748 sub
862 717 970 749 littore
996 722 1117 757 portus,

340 764 399 803 Qui
428 764 491 805 vix,
520 765 547 795 si
573 765 657 802 vixi3
687 765 811 805 discite,
841 766 922 797 vado
949 767 1040 805 mori,

261 838 268 845 .
294 811 386 844 Vado
412 814 505 850 mori,
533 814 625 852 pueri
651 814 755 844 teneri
779 813 838 844 sub
864 817 961 853 sorte,
988 814 1091 845 teneri

338 861 392 892 Me
419 860 539 892 morbis
565 861 652 893 orbis
679 862 792 901 sentio,
821 862 903 893 vado
930 862 1020 894 mori.

291 908 383 940 Vado
409 909 489 940 mori
516 917 674 946 crescens,
702 909 892 941 adulescens
918 919 1052 950 corpore
1078 914 1179 950 grato,

338 956 422 988 Fato
449 958 625 996 compenor
653 958 778 997 cedere,
806 957 889 989 vado
915 958 1007 989 mori.

290 1005 383 1037 Vado
408 1005 489 1036 mori
516 1005 639 1036 iuvenis
667 1010 698 1036 et
724 1005 827 1044 plenis
854 1006 1007 1043 sanguine
1034 1005 1134 1045 venis,

339 1056 424 1085 Areo
449 1062 544 1093 nune,
572 1062 679 1093 pere0‚
708 1061 843 1095 marceo,
873 1053 955 1084 vado
982 1054 1072 1084 mori.

290 1101 384 1134 Vado
410 1101 491 1132 mori
517 1102 598 1132 miro
624 1110 673 1132 me
700 1104 805 1132 stante
833 1101 900 1131 viro
928 1102 1090 1143 rutilante,

337 1150 496 1189 Tempore
522 1158 606 1181 nunc
632 1149 755 1182 Christi
779 1158 915 1188 corpore
942 1149 1023 1181 vado
1052 1149 1142 1180 mori.

291 1198 382 1230 Vado
408 1198 489 1228 mori
517 1197 642 1229 vetulus
669 1197 820 1236 querulus
847 1195 1033 1238 fractusque
1060 1198 1222 1236 subactae,

337 1245 461 1278 Deficio
489 1246 578 1278 vario
605 1245 747 1277 vulnere.
776 1246 859 1277 vado
887 1246 978 1278 mori.

293 1294 388 1326 Vado
413 1295 505 1331 mori,
533 1297 635 1325 metas
660 1293 773 1325 mortis
798 1303 862 1325 non
890 1293 997 1333 effugit
1024 1298 1124 1335 aetas,

335 1343 488 1381 Cernens,
517 1343 702 1374 discernens
730 1341 808 1373 haec
835 1351 904 1381 ego,
932 1341 1015 1373 vado
1042 1342 1134 1374 mori.

291 1392 382 1423 vado
409 1391 489 1422 mori
517 1391 671 1429 modicus,
699 1389 875 1427 mendicus„
905 1398 1010 1430 egens,
1040 1390 1121 1420 male
1149 1389 1286 1428 degen53

336 1438 420 1478 Quid
446 1439 522 1470 mihi
549 1439 596 1470 sic
622 1439 739 1470 misere
765 1438 899 1469 vivere?
927 1438 1009 1469 vado
1036 1438 1126 1471 mori.

289 1488 382 1520 Vado
409 1488 490 1519 mori
517 1487 632 1528 plenus
659 1487 785 1526 opibus,
813 1486 940 1526 quibus,
968 1486 1039 1526 heu,
1067 1486 1149 1517 male
1175 1485 1282 1525 partis

339 1536 424 1568 Usus
452 1539 481 1566 et
507 1535 624 1567 effusus
650 1535 771 1575 exsulo,
799 1535 882 1566 vado
909 1535 1000 1567 mori.

291 1585 382 1616 Vado
408 1584 489 1616 mori
516 1584 619 1614 victus
645 1583 746 1623 parci,
774 1582 952 1614 mordentis
979 1582 1126 1621 amictus,

334 1632 386 1664 Ne
413 1632 546 1671 crucier,
575 1632 673 1663 satier
698 1632 822 1672 amodo,
851 1631 935 1662 vado
960 1631 1053 1665 mori,

288 1681 381 1712 Vado
407 1680 487 1712 mori
514 1680 657 1720 crapula,
685 1688 765 1719 quae
791 1679 904 1710 sedula
931 1677 1031 1710 fercla
1059 1682 1233 1720 retorquet,

339 1729 481 1769 Torquet
508 1729 609 1768 adeps
636 1728 754 1759 misera
777 1727 911 1765 viscera,
940 1727 1023 1758 vado
1050 1728 1141 1759 mori.

290 1778 385 1809 Vado
412 1777 493 1809 mori
521 1783 626 1808 castus
654 1777 806 1816 nullaque
832 1775 968 1806 libidine
994 1780 1116 1815 pastus,

338 1827 385 1859 Ut
410 1825 549 1865 videam,
577 1830 704 1856 teneam
730 1824 863 1863 caelica,
891 1823 973 1854 vado
999 1823 1091 1854 mori.

291 1875 381 1907 Vado
408 1874 489 1906 mori
518 1873 652 1905 Veneris
679 1872 793 1904 celeris
820 1871 896 1903 teda
923 1880 992 1902 cum
1019 1871 1071 1902 lue
1101 1870 1207 1909 foeda,

338 1923 386 1957 Ut
410 1931 534 1962 poenae
562 1923 677 1962 plenae
704 1921 768 1952 sint
795 1920 882 1955 mihi,
913 1919 995 1950 vado
1022 1919 1113 1950 mori.

290 1972 383 2005 vado
411 1972 491 2003 mori
519 1971 602 2013 vilis,
631 1969 760 2002 humilis
786 1978 849 2000 non
877 1967 974 1999 corde
999 1970 1152 2003 tumente,

336 2020 382 2053 Ut
409 2020 486 2051 mihi
512 2020 555 2051 sit
581 2019 670 2050 varia
696 2017 808 2058 gloria.
839 2016 920 2048 vado
946 2015 1039 2047 mori.

292 2069 383 2102 vado
408 2068 490 2100 mori
513 2067 656 2099 tumidus
682 2070 714 2097 et
740 2064 885 2104 acerbus,
915 2068 1019 2094 mente
1046 2061 1214 2104 superbus,

337 2117 390 2149 Ad
421 2117 515 2148 limos
541 2116 622 2149 imos
649 2120 788 2156 transeo,
815 2112 898 2144 vado
921 2113 1011 2143 mori.

292 2165 383 2198 Vado
408 2165 490 2197 mori
516 2165 581 2196 late
608 2160 820 2194 circumfusus
847 2160 978 2200 pietate,

338 2213 401 2246 Dia
427 2213 504 2245 mihi
531 2220 681 2244 reserans
704 2210 797 2248 ostia,
826 2208 909 2241 vado
935 2207 1025 2241 mori.

291 2262 383 2294 Vado
414 2261 495 2294 mori
521 2260 669 2302 pavidus,
697 2259 802 2300 miser,
831 2257 970 2297 invidus,
997 2255 1143 2288 omnibus
1169 2255 1281 2295 hostis,

337 2310 444 2342 Postis
470 2318 608 2341 avernus
636 2311 711 2340 avet
735 2316 786 2337 mc
812 2305 885 2343 sibi,
915 2305 997 2337 vado
1022 2304 1115 2336 mori.

286 2359 379 2391 Vado
409 2358 490 2390 mori
519 2356 654 2394 comitis,
683 2355 773 2387 ducis
799 2358 911 2387 auctus
937 2352 1066 2394 honore,
1097 2352 1241 2392 Quiritis,

337 2407 481 2440 Praedia
506 2404 694 2446 praeliaque
722 2401 892 2444 transfero,
919 2401 1001 2434 vado
1027 2402 1118 2434 mori.
