1651 2680
215 204 277 235 9a.

186 920 270 952 10a.

184 1234 267 1266 lla.

713 107 971 142 —196—

312 200 440 233 Nostris
463 202 608 234 hostibus
902 205 966 239 9b.
995 205 1072 237 Tuis
1096 206 1247 246 precibus

307 248 558 288 Subrepentibus
994 253 1102 285 Tersis
1129 254 1278 287 sordibus

305 295 382 328 Tuis
409 297 527 329 viribus
994 300 1122 334 Nostris
1148 301 1308 334 mentibus

355 345 486 386 Subeas,
994 348 1123 390 Deleas,

353 392 464 424 Niteas
994 396 1108 429 Paleas

351 440 393 472 Et
420 451 476 472 nos
501 442 610 480 adeas,
992 443 1036 475 Et
1061 444 1214 476 exhibeas

401 489 537 527 Cynthia
563 489 707 529 fulgoris.
1045 492 1169 524 Pascua
1196 491 1321 526 viroris.

563 568 620 598 90.
659 566 760 598 Nobis
785 565 934 598 flentibus

654 614 697 645 Et
723 613 904 646 labentibus

655 662 692 692 In
719 663 769 693 his
795 661 928 701 rupibus

701 709 865 748 Advehas,

702 758 840 798 Augeas,

701 804 812 836 Nostri
839 803 948 836 foveas

754 852 900 885 Gratiam
925 852 1055 891 vigoris,

306 918 482 958 Singularis
874 919 918 952 10
929 918 961 953 b.
992 918 1207 958 Exemplaris,

304 965 405 997 Stella
430 966 537 1006 maris,
991 966 1145 998 Militat-is

346 1015 452 1045 Decor
476 1018 506 1044 et
533 1014 591 1046 flos
616 1013 740 1055 florum,
1039 1014 1115 1045 Vita
1140 1014 1316 1050 beatorum,

303 1062 502 1103 Sumearis,
994 1061 1172 1103 PopulariS,

301 1110 490 1150 Adornaris,
992 1109 1192 1142 Praesularis

351 1159 496 1188 Vernaus
522 1158 596 1189 aula
620 1166 752 1190 morum.
1041 1156 1125 1188 Laus
1151 1161 1183 1188 et
1206 1165 1280 1196 spes
1306 1165 1444 1189 reorum.

302 1233 399 1274 Virgo
424 1242 540 1273 parens
565 1233 684 1272 absque
710 1234 780 1273 pari
874 1233 914 1266 11
928 1234 958 1266 b.
990 1235 1027 1265 In
1053 1234 1196 1273 gehenna
1221 1234 1381 1265 carcerari

349 1281 471 1313 Munda
496 1291 563 1322 nos,
590 1281 737 1320 emunda,
1039 1281 1136 1312 Plebe
1163 1290 1232 1312 cum
1258 1281 1422 1313 immunda

303 1328 426 1360 Pietate
450 1329 586 1368 puellari
990 1327 1091 1359 Nobis
1117 1328 1210 1366 absit,
1238 1329 1294 1360 sed
1323 1329 1431 1360 ornari

350 1376 448 1407 Nobis
474 1376 603 1418 munda,
1037 1375 1125 1407 Stola
1150 1376 1290 1408 iucunda

347 1424 455 1455 Mellis
483 1450 489 1456 .
520 1450 525 1456 .
1036 1422 1103 1454 Fac
1128 1424 1159 1455 in
1187 1423 1308 1456 Christi

481 1498 487 1503 .
517 1499 524 1505 .
548 1471 643 1502 unda.
1097 1480 1213 1502 corona
1239 1471 1386 1503 rotunda.

561 1539 615 1570 12.
651 1537 805 1577 Propera,
832 1536 943 1577 libera,

649 1584 748 1616 Sanes
773 1589 808 1616 ut
836 1584 965 1616 vulnera

698 1633 833 1663 Animae
858 1631 1032 1673 mortifera⁷

701 1680 832 1718 Resera,
858 1680 923 1719 lux,
950 1680 1066 1711 sidera.

258 1783 265 1790 .
302 1757 451 1789 Nostrum
479 1756 682 1794 desiderium,
870 1755 912 1789 13
925 1756 955 1789 b.
985 1755 1049 1788 Sed
1075 1761 1120 1797 tu,
1147 1756 1287 1788 candens
1313 1757 1425 1798 lilium,

346 1806 371 1838 O
399 1804 590 1847 desiderata,
1031 1804 1100 1836 Deo
1127 1803 1335 1845 conformata,

298 1853 458 1892 Extingue
483 1851 668 1892 cauterium,
986 1852 1148 1884 Flentium
1174 1851 1341 1895 refugium,

346 1902 413 1940 Quo
439 1899 565 1931 fervent
590 1901 731 1940 peccata,
1034 1899 1194 1941 Absterge
1218 1905 1308 1933 reata

297 1949 379 1981 Caro
406 1949 479 1980 dum
505 1947 686 1979 incendium
987 1972 1354 1983 .......

347 1997 435 2028 Parit
461 1994 666 2028 inflammata.
1048 2021 1354 2030 ......

556 2063 610 2095 14.
646 2061 779 2093 Cantica

647 2109 775 2149 Lyrica,

693 2156 886 2197 Rhythmica
913 2157 998 2201 finio,

647 2205 788 2244 Mystica

650 2253 778 2285 Caelica

699 2301 838 2333 Cantans
864 2301 897 2333 in
923 2301 1049 2342 gaudio,

697 2349 809 2388 Quiete
836 2347 925 2381 fruar
950 2348 1082 2390 praevio

698 2397 874 2430 Praesidio,
