1651 2680
204 218 236 251 9.
265 213 394 249 Virtute
420 225 551 249 manens
577 217 703 250 stabilis

310 263 450 296 Devenit
474 264 515 296 ad
544 267 698 305 extrema,

263 310 442 344 Defunctus
467 321 578 344 servus
604 313 732 346 humilis

310 358 465 392 Defertur
488 360 531 392 ad
557 369 716 400 suprema.

808 121 877 156 265

874 218 929 252 10.

962 215 1150 261 [Sacer]d0s
1176 218 1362 250 beatissime

1005 267 1066 298 Pro
1093 267 1183 298 nobis
1209 263 1413 309 in[tercede],

957 311 1019 355 [Ne
1044 312 1184 357 nostrae]
1211 314 1289 346 fiant
1314 315 1438 346 animae

1008 362 1252 394 Daemoniorum
1279 359 1460 405 prae[dae]‚

255 472 335 500 (irat.
358 482 410 500 ms.
433 473 596 508 campense
619 476 688 501 anni
713 472 795 502 1462.
837 474 908 501 cod.
935 475 1151 502 Darrnstadien.
1174 474 1239 504 5⁶21·

586 653 655 684 224.
699 655 739 684 lle
761 655 869 684 sancto
891 652 1087 692 Hieronymo.

206 764 237 795 1.
269 762 327 792 Hic
352 762 503 794 sacerdos
530 761 589 794 fuit
617 763 740 797 ordine,

267 810 479 849 Peregrinans
505 810 603 842 maris
630 811 780 851 culmine,

265 858 433 889 Heremita
458 858 644 895 solitudine,

265 906 402 938 Demum
431 907 560 946 regulae
587 905 763 946 professor,

268 953 409 986 Claustri
436 955 539 986 sancti
567 952 744 987 fabricator

265 1002 308 1034 Et
332 1002 558 1034 monachorum
586 1007 707 1041 pastor.

232 1142 239 1149 .
266 1117 328 1148 Hic
355 1127 413 1157 per
436 1116 565 1157 flagella
592 1121 733 1155 vocatus,

267 1165 378 1197 Omnis
404 1165 533 1205 linguae
560 1165 692 1206 peritus,

263 1213 428 1254 Interpres
454 1214 557 1245 omnis
585 1214 676 1252 ritus,

265 1261 342 1293 Fuit
368 1262 514 1294 veritatis
542 1262 664 1297 doctor,

263 1309 463 1351 Scriptorum
493 1319 585 1342 verus
612 1311 789 1342 translator

263 1358 306 1389 Et
332 1367 471 1390 summus
499 1357 705 1397 compositor,

203 1488 232 1506 0.
262 1473 324 1504 Hic
349 1472 522 1504 scribendo
549 1476 653 1504 certas
680 1477 781 1504 metas

263 1521 395 1553 Omnem
422 1524 539 1552 statum
567 1521 684 1563 docuit,

262 1569 378 1601 Omnes
405 1568 512 1600 David
539 1575 569 1600 et
595 1570 771 1609 prophetas

262 1618 335 1657 Ipse
359 1618 446 1650 solus
473 1617 631 1657 exposuit,

262 1667 366 1706 Super
388 1665 495 1698 salom
522 1670 553 1697 et
579 1669 645 1696 tres
672 1665 810 1697 athletas

262 1714 340 1746 Eius
368 1714 513 1747 doctrina
541 1713 658 1746 floruit.

226 1855 233 1863 .
262 1830 324 1861 Hic
349 1830 423 1861 fidei
452 1829 541 1869 pugil
568 1832 600 1859 et
626 1829 788 1868 vexillum,

263 1878 402 1910 Malleus
430 1878 673 1917 haereticorumy

264 1927 409 1966 Ipsorum
435 1926 508 1967 iuge
533 1925 706 1965 flagellum,

260 1975 372 2006 Hostis
399 1972 461 2006 fuit
487 1974 649 2008 vitiorum.

263 2023 383 2055 Virtuti
411 2021 489 2053 fecit
514 2021 691 2054 scabellum

263 2071 410 2103 Tradens
437 2070 616 2102 doctrinam
645 2078 777 2101 morum.

228 2215 234 2221 .
263 2187 326 2219 Hic
350 2196 408 2227 spe
434 2186 642 2227 certissimus,

261 2235 365 2267 Indici
391 2243 455 2267 non
481 2235 630 2275 pavidus,

260 2284 421 2324 operator
445 2283 616 2322 sollicitus,

262 2331 432 2372 Nunquam
458 2331 589 2369 otiosus,

262 2380 467 2420 sperantium
493 2379 653 2411 firmarius

261 2428 305 2461 Et
333 2427 534 2460 confortator
559 2430 718 2460 strenuus.

911 764 942 795 6.
972 763 1033 794 Hic
1060 762 1194 794 caritate
1222 762 1374 801 fervidus,

876 2187 929 2218 10.

959 811 994 842 In
1022 811 1090 842 Deo
1118 820 1275 850 nunquam
1301 812 1440 850 tepidus,

961 860 1110 890 Proximo
1137 858 1300 900 benignus,

959 907 994 938 In
1022 907 1089 938 zelo
1113 916 1240 946 semper
1265 906 1400 941 sobrius,

958 955 1009 986 Ad
1036 963 1147 994 pacem
1174 955 1366 993 compositus

959 1003 1000 1033 Et
1026 1003 1065 1034 ab
1092 1003 1166 1033 odio
1193 1003 1362 1042 sepositus.

924 1143 930 1149 .
957 1118 1018 1148 Hic
1046 1117 1211 1149 districtus
1238 1117 1270 1148 in
1295 1117 1415 1148 iustitia

959 1165 1145 1196 Misericors
1173 1174 1241 1196 cum
1270 1165 1336 1201 illa,

960 1214 1218 1253 circumspectus
1244 1213 1426 1252 prudentia.

960 1261 1142 1293 Memorans
1169 1261 1355 1302 praeterita,

960 1309 1146 1341 ponderans
1172 1310 1354 1349 praesentia

959 1357 1003 1388 Et
1030 1358 1204 1397 providens
1232 1356 1349 1389 futura.

954 1473 1016 1503 Hic
1043 1473 1161 1504 virtute
1189 1472 1364 1504 fortissima

952 1520 1076 1552 Derisit
1102 1520 1272 1557 terribilia,

957 1570 1098 1600 Attritus
1124 1568 1321 1600 abstinentia

960 1616 1145 1656 Postposuit
1172 1616 1323 1653 earnalia,

957 1665 1103 1696 Fulcitus
1130 1665 1342 1705 temperantia

958 1716 1045 1751 Quae
1072 1714 1243 1744 contemnit
1272 1713 1378 1745 nimia.

958 1828 1020 1859 Hic
1047 1828 1225 1859 humilitate
1253 1829 1407 1862 deiectus,

960 1876 1082 1907 Pietate.
1109 1876 1260 1914 mollitus,

957 1925 1108 1957 Oratione
1136 1924 1280 1963 devotus,

959 1972 1176 2004 Lacrimarum
1204 1972 1329 2013 effusor,

959 2021 1249 2059 comtemplatione
1271 2021 1417 2053 sublatus

959 2069 1000 2100 Et
1026 2069 1113 2100 utilis
1139 2069 1274 2101 actione.

957 2185 1020 2216 Hic
1046 2194 1222 2225 pauperum
1248 2185 1433 2226 subventor,

958 2233 1223 2272 Elemosynarum
1251 2233 1396 2274 largitor,

956 2281 1108 2313 Tristium
1137 2283 1328 2320 consolator,

956 2329 1160 2362 Laetantium
1188 2334 1396 2370 temperator,

959 2378 995 2409 In
1021 2378 1218 2410 adversitate
1244 2380 1398 2414 securior,

955 2427 990 2457 ln
1018 2427 1235 2466 prosperitate
1263 2427 1418 2461 devotior.
