<?xml version="1.0" encoding="UTF-8"?>
<!DOCTYPE html PUBLIC "-//W3C//DTD XHTML 1.0 Transitional//EN"
    "http://www.w3.org/TR/xhtml1/DTD/xhtml1-transitional.dtd">
<html xmlns="http://www.w3.org/1999/xhtml" xml:lang="en" lang="en">
 <head>
  <title>
</title>
<meta http-equiv="Content-Type" content="text/html;charset=utf-8" />
  <meta name='ocr-system' content='tesseract 3.04.00' />
  <meta name='ocr-capabilities' content='ocr_page ocr_carea ocr_par ocr_line ocrx_word'/>
</head>
<body>
  <div class='ocr_page' id='page_1' title='image "./analectahymnica46drevuoft/analectahymnica46drevuoft_0194.png"; bbox 0 0 1651 2680; ppageno 0'>
   <div class='ocr_carea' id='block_1_1' title="bbox 678 95 841 131">
    <p class='ocr_par' dir='ltr' id='par_1_1' title="bbox 678 95 841 131">
     <span class='ocr_line' id='line_1_1' title="bbox 678 95 841 131; baseline 0.006 -1"><span class='ocrx_word' id='word_1_1' title='bbox 678 117 722 122; x_wconf 96' lang='lat'><strong>—</strong></span> <span class='ocrx_word' id='word_1_2' title='bbox 776 95 841 131; x_wconf 87' lang='lat'>191</span> 
     </span>
    </p>
   </div>
   <div class='ocr_carea' id='block_1_2' title="bbox 588 246 1034 279">
    <p class='ocr_par' dir='ltr' id='par_1_2' title="bbox 588 246 1034 279">
     <span class='ocr_line' id='line_1_2' title="bbox 588 246 1034 279; baseline 0.004 -2"><span class='ocrx_word' id='word_1_3' title='bbox 588 246 647 278; x_wconf 69' lang='lat'>143.</span> <span class='ocrx_word' id='word_1_4' title='bbox 690 247 732 278; x_wconf 87' lang='lat' dir='ltr'>De</span> <span class='ocrx_word' id='word_1_5' title='bbox 755 247 855 278; x_wconf 74' lang='lat' dir='ltr'>Beata</span> <span class='ocrx_word' id='word_1_6' title='bbox 876 247 977 278; x_wconf 83' lang='lat' dir='ltr'>Maria</span> <span class='ocrx_word' id='word_1_7' title='bbox 1001 249 1034 279; x_wconf 72' lang='lat' dir='ltr'>V.</span> 
     </span>
    </p>
   </div>
   <div class='ocr_carea' id='block_1_3' title="bbox 184 335 675 377">
    <p class='ocr_par' dir='ltr' id='par_1_3' title="bbox 184 335 675 377">
     <span class='ocr_line' id='line_1_3' title="bbox 184 335 675 377; baseline 0 -8"><span class='ocrx_word' id='word_1_8' title='bbox 184 336 214 369; x_wconf 92' lang='lat'>1.</span> <span class='ocrx_word' id='word_1_9' title='bbox 241 335 347 377; x_wconf 85' lang='lat' dir='ltr'>Salve,</span> <span class='ocrx_word' id='word_1_10' title='bbox 374 344 491 376; x_wconf 86' lang='lat' dir='ltr'>parens</span> <span class='ocrx_word' id='word_1_11' title='bbox 517 337 675 370; x_wconf 87' lang='lat' dir='ltr'>adornata</span> 
     </span>
    </p>
   </div>
   <div class='ocr_carea' id='block_1_4' title="bbox 240 384 709 610">
    <p class='ocr_par' dir='ltr' id='par_1_4' title="bbox 244 384 630 474">
     <span class='ocr_line' id='line_1_4' title="bbox 244 384 630 426; baseline 0.003 -10"><span class='ocrx_word' id='word_1_12' title='bbox 244 384 422 417; x_wconf 88' lang='lat' dir='ltr'><strong>Virtutibus</strong></span> <span class='ocrx_word' id='word_1_13' title='bbox 449 387 481 415; x_wconf 80' lang='lat' dir='ltr'>et</span> <span class='ocrx_word' id='word_1_14' title='bbox 505 384 630 426; x_wconf 82' lang='lat' dir='ltr'>signata</span> 
     </span>
     <span class='ocr_line' id='line_1_5' title="bbox 288 431 597 474; baseline -0.003 -10"><span class='ocrx_word' id='word_1_15' title='bbox 288 431 385 474; x_wconf 85' lang='lat' dir='ltr'>Signo</span> <span class='ocrx_word' id='word_1_16' title='bbox 411 432 597 472; x_wconf 83' lang='lat' dir='ltr'>pudicitiae,</span> 
     </span>
    </p>

    <p class='ocr_par' dir='ltr' id='par_1_5' title="bbox 240 481 709 519">
     <span class='ocr_line' id='line_1_6' title="bbox 240 481 709 519; baseline 0.002 -8"><span class='ocrx_word' id='word_1_17' title='bbox 240 481 460 512; x_wconf 85' lang='lat' dir='ltr'>Praeclectum</span> <span class='ocrx_word' id='word_1_18' title='bbox 486 489 543 512; x_wconf 86' lang='lat' dir='ltr'>vas</span> <span class='ocrx_word' id='word_1_19' title='bbox 570 481 709 519; x_wconf 84' lang='lat' dir='ltr'>honoris,</span> 
     </span>
    </p>

    <p class='ocr_par' dir='ltr' id='par_1_6' title="bbox 240 527 708 610">
     <span class='ocr_line' id='line_1_7' title="bbox 240 527 708 571; baseline 0 -11"><span class='ocrx_word' id='word_1_20' title='bbox 240 527 481 560; x_wconf 83' lang='lat' dir='ltr'>Sanctissimum</span> <span class='ocrx_word' id='word_1_21' title='bbox 510 538 564 560; x_wconf 88' lang='lat' dir='ltr'>vas</span> <span class='ocrx_word' id='word_1_22' title='bbox 590 529 708 571; x_wconf 83' lang='lat' dir='ltr'>odoris,</span> 
     </span>
     <span class='ocr_line' id='line_1_8' title="bbox 289 576 694 610; baseline 0.005 -3"><span class='ocrx_word' id='word_1_23' title='bbox 289 576 353 608; x_wconf 87' lang='lat' dir='ltr'>Vas</span> <span class='ocrx_word' id='word_1_24' title='bbox 378 577 480 610; x_wconf 86' lang='lat' dir='ltr'>omnis</span> <span class='ocrx_word' id='word_1_25' title='bbox 507 577 694 609; x_wconf 81' lang='lat' dir='ltr'>munditiae.</span> 
     </span>
    </p>
   </div>
   <div class='ocr_carea' id='block_1_5' title="bbox 203 672 777 945">
    <p class='ocr_par' dir='ltr' id='par_1_7' title="bbox 203 672 777 945">
     <span class='ocr_line' id='line_1_9' title="bbox 203 672 749 712; baseline 0.004 -10"><span class='ocrx_word' id='word_1_26' title='bbox 203 694 210 702; x_wconf 89' lang='lat'><strong>.</strong></span> <span class='ocrx_word' id='word_1_27' title='bbox 238 672 303 704; x_wconf 86' lang='lat' dir='ltr'>Vas</span> <span class='ocrx_word' id='word_1_28' title='bbox 330 672 466 704; x_wconf 77' lang='lat' dir='ltr'>decoris.</span> <span class='ocrx_word' id='word_1_29' title='bbox 495 681 550 703; x_wconf 76' lang='lat' dir='ltr'>vas</span> <span class='ocrx_word' id='word_1_30' title='bbox 577 676 749 712; x_wconf 70' lang='lat' dir='ltr'>sacratum,</span> 
     </span>
     <span class='ocr_line' id='line_1_10' title="bbox 241 720 743 760; baseline 0.004 -10"><span class='ocrx_word' id='word_1_31' title='bbox 241 721 304 752; x_wconf 86' lang='lat' dir='ltr'>Vas</span> <span class='ocrx_word' id='word_1_32' title='bbox 330 720 524 760; x_wconf 75' lang='lat' dir='ltr'>splendoris,</span> <span class='ocrx_word' id='word_1_33' title='bbox 555 721 743 752; x_wconf 83' lang='lat' dir='ltr'>deauratum</span> 
     </span>
     <span class='ocr_line' id='line_1_11' title="bbox 286 768 588 807; baseline -0.007 -7"><span class='ocrx_word' id='word_1_34' title='bbox 286 769 376 800; x_wconf 84' lang='lat' dir='ltr'>Auro</span> <span class='ocrx_word' id='word_1_35' title='bbox 402 768 588 807; x_wconf 79' lang='lat' dir='ltr'>sapientiae,</span> 
     </span>
     <span class='ocr_line' id='line_1_12' title="bbox 241 816 777 856; baseline 0 -8"><span class='ocrx_word' id='word_1_36' title='bbox 241 818 304 848; x_wconf 87' lang='lat' dir='ltr'>Vas</span> <span class='ocrx_word' id='word_1_37' title='bbox 322 826 400 856; x_wconf 83' lang='lat' dir='ltr'>prae</span> <span class='ocrx_word' id='word_1_38' title='bbox 419 816 542 847; x_wconf 80' lang='lat' dir='ltr'>cunctis</span> <span class='ocrx_word' id='word_1_39' title='bbox 560 817 777 856; x_wconf 84' lang='lat' dir='ltr'>sublimatum,</span> 
     </span>
     <span class='ocr_line' id='line_1_13' title="bbox 238 865 652 896; baseline 0 0"><span class='ocrx_word' id='word_1_40' title='bbox 238 866 268 896; x_wconf 90' lang='lat' dir='ltr'>A</span> <span class='ocrx_word' id='word_1_41' title='bbox 295 865 364 896; x_wconf 83' lang='lat' dir='ltr'>Deo</span> <span class='ocrx_word' id='word_1_42' title='bbox 391 865 516 896; x_wconf 81' lang='lat' dir='ltr'>miseris</span> <span class='ocrx_word' id='word_1_43' title='bbox 544 865 652 896; x_wconf 82' lang='lat' dir='ltr'>datum</span> 
     </span>
     <span class='ocr_line' id='line_1_14' title="bbox 287 913 646 945; baseline 0.003 -1"><span class='ocrx_word' id='word_1_44' title='bbox 287 913 324 944; x_wconf 84' lang='lat' dir='ltr'>In</span> <span class='ocrx_word' id='word_1_45' title='bbox 353 923 460 944; x_wconf 75' lang='lat' dir='ltr'>necem</span> <span class='ocrx_word' id='word_1_46' title='bbox 487 913 646 945; x_wconf 74' lang='lat' dir='ltr'>miseriae.</span> 
     </span>
    </p>
   </div>
   <div class='ocr_carea' id='block_1_6' title="bbox 204 1008 776 1283">
    <p class='ocr_par' dir='ltr' id='par_1_8' title="bbox 204 1008 699 1049">
     <span class='ocr_line' id='line_1_15' title="bbox 204 1008 699 1049; baseline -0.004 -7"><span class='ocrx_word' id='word_1_47' title='bbox 204 1034 212 1042; x_wconf 90' lang='lat'>.</span> <span class='ocrx_word' id='word_1_48' title='bbox 239 1008 302 1040; x_wconf 85' lang='lat' dir='ltr'>Vas</span> <span class='ocrx_word' id='word_1_49' title='bbox 325 1010 393 1041; x_wconf 84' lang='lat' dir='ltr'>sine</span> <span class='ocrx_word' id='word_1_50' title='bbox 418 1009 488 1049; x_wconf 83' lang='lat' dir='ltr'>pari</span> <span class='ocrx_word' id='word_1_51' title='bbox 516 1008 699 1049; x_wconf 83' lang='lat' dir='ltr'>formatum,</span> 
     </span>
    </p>

    <p class='ocr_par' dir='ltr' id='par_1_9' title="bbox 240 1057 708 1147">
     <span class='ocr_line' id='line_1_16' title="bbox 240 1057 686 1096; baseline -0.002 -8"><span class='ocrx_word' id='word_1_52' title='bbox 240 1057 332 1089; x_wconf 90' lang='lat' dir='ltr'>Omni</span> <span class='ocrx_word' id='word_1_53' title='bbox 360 1058 441 1088; x_wconf 77' lang='lat' dir='ltr'>bono</span> <span class='ocrx_word' id='word_1_54' title='bbox 467 1062 686 1096; x_wconf 80' lang='lat' dir='ltr'>perornatum,</span> 
     </span>
     <span class='ocr_line' id='line_1_17' title="bbox 289 1105 708 1147; baseline 0 -11"><span class='ocrx_word' id='word_1_55' title='bbox 289 1105 422 1137; x_wconf 88' lang='lat' dir='ltr'>Plenum</span> <span class='ocrx_word' id='word_1_56' title='bbox 447 1105 550 1136; x_wconf 88' lang='lat' dir='ltr'>omnis</span> <span class='ocrx_word' id='word_1_57' title='bbox 576 1106 708 1147; x_wconf 86' lang='lat' dir='ltr'>gratiae,</span> 
     </span>
    </p>

    <p class='ocr_par' dir='ltr' id='par_1_10' title="bbox 238 1153 776 1192">
     <span class='ocr_line' id='line_1_18' title="bbox 238 1153 776 1192; baseline 0 -8"><span class='ocrx_word' id='word_1_58' title='bbox 238 1154 302 1185; x_wconf 84' lang='lat' dir='ltr'>Vas</span> <span class='ocrx_word' id='word_1_59' title='bbox 328 1153 525 1192; x_wconf 77' lang='lat' dir='ltr'>mundatum,</span> <span class='ocrx_word' id='word_1_60' title='bbox 555 1162 610 1184; x_wconf 84' lang='lat' dir='ltr'>nos</span> <span class='ocrx_word' id='word_1_61' title='bbox 629 1153 776 1189; x_wconf 83' lang='lat' dir='ltr'>emunda,</span> 
     </span>
    </p>

    <p class='ocr_par' dir='ltr' id='par_1_11' title="bbox 239 1201 733 1283">
     <span class='ocr_line' id='line_1_19' title="bbox 239 1201 733 1241; baseline 0.002 -9"><span class='ocrx_word' id='word_1_62' title='bbox 239 1202 341 1241; x_wconf 87' lang='lat' dir='ltr'>Saepe</span> <span class='ocrx_word' id='word_1_63' title='bbox 368 1201 486 1233; x_wconf 82' lang='lat' dir='ltr'>munda</span> <span class='ocrx_word' id='word_1_64' title='bbox 511 1207 542 1232; x_wconf 89' lang='lat' dir='ltr'>et</span> <span class='ocrx_word' id='word_1_65' title='bbox 569 1202 733 1239; x_wconf 84' lang='lat' dir='ltr'>remunda‚</span> 
     </span>
     <span class='ocr_line' id='line_1_20' title="bbox 290 1249 630 1283; baseline -0.003 -2"><span class='ocrx_word' id='word_1_66' title='bbox 290 1250 352 1281; x_wconf 78' lang='lat' dir='ltr'>Vas</span> <span class='ocrx_word' id='word_1_67' title='bbox 378 1249 630 1283; x_wconf 77' lang='lat' dir='ltr'>misericordiae.</span> 
     </span>
    </p>
   </div>
   <div class='ocr_carea' id='block_1_7' title="bbox 201 1344 729 1619">
    <p class='ocr_par' dir='ltr' id='par_1_12' title="bbox 201 1344 729 1619">
     <span class='ocr_line' id='line_1_21' title="bbox 201 1344 697 1385; baseline -0.002 -7"><span class='ocrx_word' id='word_1_68' title='bbox 201 1371 209 1378; x_wconf 91' lang='lat'><strong><em>.</em></strong></span> <span class='ocrx_word' id='word_1_69' title='bbox 236 1347 261 1378; x_wconf 96' lang='lat' dir='ltr'>O</span> <span class='ocrx_word' id='word_1_70' title='bbox 287 1346 462 1384; x_wconf 77' lang='lat' dir='ltr'>theotonS‚</span> <span class='ocrx_word' id='word_1_71' title='bbox 490 1344 547 1376; x_wconf 83' lang='lat' dir='ltr'>flos</span> <span class='ocrx_word' id='word_1_72' title='bbox 574 1345 697 1385; x_wconf 82' lang='lat' dir='ltr'>florum,</span> 
     </span>
     <span class='ocr_line' id='line_1_22' title="bbox 239 1395 698 1435; baseline -0.004 -9"><span class='ocrx_word' id='word_1_73' title='bbox 239 1395 264 1426; x_wconf 94' lang='grc' dir='ltr'>Ο</span> <span class='ocrx_word' id='word_1_74' title='bbox 290 1395 439 1426; x_wconf 83' lang='lat' dir='ltr'>redolens</span> <span class='ocrx_word' id='word_1_75' title='bbox 465 1402 540 1425; x_wconf 84' lang='lat' dir='ltr'>arca</span> <span class='ocrx_word' id='word_1_76' title='bbox 566 1403 698 1435; x_wconf 89' lang='lat' dir='ltr'>morum,</span> 
     </span>
     <span class='ocr_line' id='line_1_23' title="bbox 286 1442 687 1482; baseline -0.005 -8"><span class='ocrx_word' id='word_1_77' title='bbox 286 1443 334 1474; x_wconf 90' lang='lat' dir='ltr'>Tu</span> <span class='ocrx_word' id='word_1_78' title='bbox 360 1442 479 1474; x_wconf 86' lang='lat' dir='ltr'>candes</span> <span class='ocrx_word' id='word_1_79' title='bbox 505 1446 539 1473; x_wconf 85' lang='lat' dir='ltr'>ut</span> <span class='ocrx_word' id='word_1_80' title='bbox 565 1442 687 1482; x_wconf 80' lang='lat' dir='ltr'>lilium3</span> 
     </span>
     <span class='ocr_line' id='line_1_24' title="bbox 239 1490 729 1529; baseline -0.004 -6"><span class='ocrx_word' id='word_1_81' title='bbox 239 1491 356 1523; x_wconf 87' lang='lat' dir='ltr'>Parum</span> <span class='ocrx_word' id='word_1_82' title='bbox 384 1490 461 1529; x_wconf 77' lang='lat' dir='ltr'>dixi,</span> <span class='ocrx_word' id='word_1_83' title='bbox 489 1500 561 1521; x_wconf 84' lang='lat' dir='ltr'>nam</span> <span class='ocrx_word' id='word_1_84' title='bbox 588 1490 729 1522; x_wconf 87' lang='lat' dir='ltr'>candore</span> 
     </span>
     <span class='ocr_line' id='line_1_25' title="bbox 239 1538 665 1570; baseline -0.002 0"><span class='ocrx_word' id='word_1_85' title='bbox 239 1539 352 1570; x_wconf 86' lang='lat' dir='ltr'>Nivem</span> <span class='ocrx_word' id='word_1_86' title='bbox 380 1538 480 1570; x_wconf 87' lang='lat' dir='ltr'>vincis</span> <span class='ocrx_word' id='word_1_87' title='bbox 506 1542 537 1569; x_wconf 89' lang='lat' dir='ltr'>et</span> <span class='ocrx_word' id='word_1_88' title='bbox 565 1539 665 1569; x_wconf 88' lang='lat' dir='ltr'>odore</span> 
     </span>
     <span class='ocr_line' id='line_1_26' title="bbox 284 1587 641 1619; baseline 0 -1"><span class='ocrx_word' id='word_1_89' title='bbox 284 1587 384 1619; x_wconf 86' lang='lat' dir='ltr'>Omne</span> <span class='ocrx_word' id='word_1_90' title='bbox 409 1587 641 1619; x_wconf 75' lang='lat' dir='ltr'>aromaticum.‘</span> 
     </span>
    </p>
   </div>
   <div class='ocr_carea' id='block_1_8' title="bbox 204 1683 748 2110">
    <p class='ocr_par' dir='ltr' id='par_1_13' title="bbox 204 1683 676 1723">
     <span class='ocr_line' id='line_1_27' title="bbox 204 1683 676 1723; baseline -0.008 -6"><span class='ocrx_word' id='word_1_91' title='bbox 204 1710 211 1717; x_wconf 94' lang='lat'>.</span> <span class='ocrx_word' id='word_1_92' title='bbox 238 1684 264 1716; x_wconf 94' lang='grc' dir='ltr'><strong>Ο</strong></span> <span class='ocrx_word' id='word_1_93' title='bbox 288 1684 389 1715; x_wconf 83' lang='lat' dir='ltr'>electa</span> <span class='ocrx_word' id='word_1_94' title='bbox 416 1687 527 1722; x_wconf 87' lang='lat' dir='ltr'>spreta</span> <span class='ocrx_word' id='word_1_95' title='bbox 554 1683 676 1723; x_wconf 80' lang='lat' dir='ltr'>Vasthi,</span> 
     </span>
    </p>

    <p class='ocr_par' dir='ltr' id='par_1_14' title="bbox 238 1731 671 1819">
     <span class='ocr_line' id='line_1_28' title="bbox 238 1731 656 1764; baseline -0.005 0"><span class='ocrx_word' id='word_1_96' title='bbox 238 1731 372 1764; x_wconf 86' lang='lat' dir='ltr'>Gentem</span> <span class='ocrx_word' id='word_1_97' title='bbox 399 1737 485 1763; x_wconf 81' lang='lat' dir='ltr'>tuam</span> <span class='ocrx_word' id='word_1_98' title='bbox 512 1731 656 1764; x_wconf 83' lang='lat' dir='ltr'>liberasti</span> 
     </span>
     <span class='ocr_line' id='line_1_29' title="bbox 285 1780 671 1819; baseline -0.003 -8"><span class='ocrx_word' id='word_1_99' title='bbox 285 1782 390 1812; x_wconf 82' lang='lat' dir='ltr'>Aman</span> <span class='ocrx_word' id='word_1_100' title='bbox 418 1780 512 1811; x_wconf 79' lang='lat' dir='ltr'>morti</span> <span class='ocrx_word' id='word_1_101' title='bbox 540 1780 671 1819; x_wconf 85' lang='lat' dir='ltr'>tradito,</span> 
     </span>
    </p>

    <p class='ocr_par' dir='ltr' id='par_1_15' title="bbox 237 1828 597 1863">
     <span class='ocr_line' id='line_1_30' title="bbox 237 1828 597 1863; baseline 0.003 -4"><span class='ocrx_word' id='word_1_102' title='bbox 237 1828 263 1860; x_wconf 94' lang='grc' dir='ltr'><strong>Ο</strong></span> <span class='ocrx_word' id='word_1_103' title='bbox 291 1828 417 1860; x_wconf 84' lang='lat' dir='ltr'>fiscella</span> <span class='ocrx_word' id='word_1_104' title='bbox 443 1828 597 1863; x_wconf 82' lang='lat' dir='ltr'>Mosaica.</span> 
     </span>
    </p>

    <p class='ocr_par' dir='ltr' id='par_1_16' title="bbox 237 1877 702 1965">
     <span class='ocr_line' id='line_1_31' title="bbox 237 1877 702 1916; baseline 0.002 -8"><span class='ocrx_word' id='word_1_105' title='bbox 237 1877 368 1908; x_wconf 89' lang='lat' dir='ltr'>Vultum</span> <span class='ocrx_word' id='word_1_106' title='bbox 397 1877 566 1916; x_wconf 84' lang='lat' dir='ltr'>benignum</span> <span class='ocrx_word' id='word_1_107' title='bbox 593 1877 702 1910; x_wconf 81' lang='lat' dir='ltr'>indica</span> 
     </span>
     <span class='ocr_line' id='line_1_32' title="bbox 285 1924 634 1965; baseline 0.003 -8"><span class='ocrx_word' id='word_1_108' title='bbox 285 1925 384 1965; x_wconf 85' lang='lat' dir='ltr'>Gregi</span> <span class='ocrx_word' id='word_1_109' title='bbox 409 1924 468 1956; x_wconf 84' lang='lat' dir='ltr'>tibi</span> <span class='ocrx_word' id='word_1_110' title='bbox 494 1925 634 1959; x_wconf 88' lang='lat' dir='ltr'>subditO.</span> 
     </span>
    </p>

    <p class='ocr_par' dir='ltr' id='par_1_17' title="bbox 238 1973 748 2017">
     <span class='ocr_line' id='line_1_33' title="bbox 238 1973 748 2017; baseline 0.004 -12"><span class='ocrx_word' id='word_1_111' title='bbox 238 1974 337 2015; x_wconf 84' lang='lat' dir='ltr'>Virgo</span> <span class='ocrx_word' id='word_1_112' title='bbox 362 1973 490 2009; x_wconf 84' lang='lat' dir='ltr'>munda,</span> <span class='ocrx_word' id='word_1_113' title='bbox 518 1983 574 2005; x_wconf 89' lang='lat' dir='ltr'>nos</span> <span class='ocrx_word' id='word_1_114' title='bbox 601 1975 748 2017; x_wconf 85' lang='lat' dir='ltr'>emunda,</span> 
     </span>
    </p>

    <p class='ocr_par' dir='ltr' id='par_1_18' title="bbox 237 2021 734 2110">
     <span class='ocr_line' id='line_1_34' title="bbox 237 2021 734 2062; baseline 0.004 -8"><span class='ocrx_word' id='word_1_115' title='bbox 237 2021 341 2062; x_wconf 81' lang='lat' dir='ltr'>Saepe</span> <span class='ocrx_word' id='word_1_116' title='bbox 368 2023 487 2054; x_wconf 83' lang='lat' dir='ltr'>munda</span> <span class='ocrx_word' id='word_1_117' title='bbox 512 2026 544 2053; x_wconf 84' lang='lat' dir='ltr'>et</span> <span class='ocrx_word' id='word_1_118' title='bbox 569 2024 734 2062; x_wconf 69' lang='lat' dir='ltr'>leniunda,</span> 
     </span>
     <span class='ocr_line' id='line_1_35' title="bbox 285 2070 710 2110; baseline 0.007 -8"><span class='ocrx_word' id='word_1_119' title='bbox 285 2070 405 2110; x_wconf 80' lang='lat' dir='ltr'>Gratis⁷</span> <span class='ocrx_word' id='word_1_120' title='bbox 435 2081 494 2101; x_wconf 78' lang='lat' dir='ltr'>non</span> <span class='ocrx_word' id='word_1_121' title='bbox 522 2080 560 2102; x_wconf 88' lang='lat' dir='ltr'>ex</span> <span class='ocrx_word' id='word_1_122' title='bbox 586 2073 710 2105; x_wconf 76' lang='lat' dir='ltr'>merim.</span> 
     </span>
    </p>
   </div>
   <div class='ocr_carea' id='block_1_9' title="bbox 201 2169 762 2453">
    <p class='ocr_par' dir='ltr' id='par_1_19' title="bbox 201 2169 762 2453">
     <span class='ocr_line' id='line_1_36' title="bbox 201 2169 638 2209; baseline -0.007 -6"><span class='ocrx_word' id='word_1_123' title='bbox 201 2197 207 2203; x_wconf 87' lang='lat'><strong><em>.</em></strong></span> <span class='ocrx_word' id='word_1_124' title='bbox 236 2170 342 2209; x_wconf 81' lang='lat' dir='ltr'>Salve⁷</span> <span class='ocrx_word' id='word_1_125' title='bbox 370 2173 472 2201; x_wconf 88' lang='lat' dir='ltr'>mater</span> <span class='ocrx_word' id='word_1_126' title='bbox 497 2169 638 2208; x_wconf 87' lang='lat' dir='ltr'>pietatis,</span> 
     </span>
     <span class='ocr_line' id='line_1_37' title="bbox 236 2218 655 2259; baseline -0.005 -8"><span class='ocrx_word' id='word_1_127' title='bbox 236 2218 447 2251; x_wconf 82' lang='lat' dir='ltr'>Adnullatrix</span> <span class='ocrx_word' id='word_1_128' title='bbox 475 2219 655 2259; x_wconf 86' lang='lat' dir='ltr'>vetustatis,</span> 
     </span>
     <span class='ocr_line' id='line_1_38' title="bbox 285 2266 687 2300; baseline 0 -1"><span class='ocrx_word' id='word_1_129' title='bbox 285 2267 398 2300; x_wconf 89' lang='lat' dir='ltr'>Novae</span> <span class='ocrx_word' id='word_1_130' title='bbox 425 2267 510 2299; x_wconf 80' lang='lat' dir='ltr'>vitae</span> <span class='ocrx_word' id='word_1_131' title='bbox 536 2266 687 2299; x_wconf 83' lang='lat' dir='ltr'>formula.</span> 
     </span>
     <span class='ocr_line' id='line_1_39' title="bbox 236 2312 762 2359; baseline -0.004 -11"><span class='ocrx_word' id='word_1_132' title='bbox 236 2315 342 2357; x_wconf 83' lang='lat' dir='ltr'>Salve,</span> <span class='ocrx_word' id='word_1_133' title='bbox 371 2316 471 2356; x_wconf 84' lang='lat' dir='ltr'>virgo,</span> <span class='ocrx_word' id='word_1_134' title='bbox 498 2320 608 2346; x_wconf 86' lang='lat' dir='ltr'>noster</span> <span class='ocrx_word' id='word_1_135' title='bbox 635 2312 762 2359; x_wconf 89' lang='lat' dir='ltr'>[risus],</span> 
     </span>
     <span class='ocr_line' id='line_1_40' title="bbox 234 2364 650 2404; baseline -0.005 -7"><span class='ocrx_word' id='word_1_136' title='bbox 234 2365 346 2397; x_wconf 88' lang='lat' dir='ltr'>Archa</span> <span class='ocrx_word' id='word_1_137' title='bbox 372 2364 451 2400; x_wconf 78' lang='lat' dir='ltr'>Noe,</span> <span class='ocrx_word' id='word_1_138' title='bbox 478 2364 650 2404; x_wconf 87' lang='lat' dir='ltr'>paradisus</span> 
     </span>
     <span class='ocr_line' id='line_1_41' title="bbox 283 2413 625 2453; baseline -0.003 -8"><span class='ocrx_word' id='word_1_139' title='bbox 283 2414 325 2446; x_wconf 88' lang='lat' dir='ltr'>Et</span> <span class='ocrx_word' id='word_1_140' title='bbox 354 2415 462 2446; x_wconf 88' lang='lat' dir='ltr'>Aaron</span> <span class='ocrx_word' id='word_1_141' title='bbox 491 2413 625 2453; x_wconf 79' lang='lat' dir='ltr'>virgula.</span> 
     </span>
    </p>
   </div>
   <div class='ocr_carea' id='block_1_10' title="bbox 852 1826 905 1858">
    <p class='ocr_par' dir='ltr' id='par_1_20' title="bbox 852 1826 905 1858">
     <span class='ocr_line' id='line_1_42' title="bbox 852 1826 905 1858; baseline 0.038 -2"><span class='ocrx_word' id='word_1_142' title='bbox 852 1826 905 1858; x_wconf 92' lang='grc'>10.</span> 
     </span>
    </p>
   </div>
   <div class='ocr_carea' id='block_1_11' title="bbox 854 2165 907 2198">
    <p class='ocr_par' dir='ltr' id='par_1_21' title="bbox 854 2165 907 2198">
     <span class='ocr_line' id='line_1_43' title="bbox 854 2165 907 2198; baseline 0 -1"><span class='ocrx_word' id='word_1_143' title='bbox 854 2165 907 2198; x_wconf 89' lang='grc'>11.</span> 
     </span>
    </p>
   </div>
   <div class='ocr_carea' id='block_1_12' title="bbox 937 338 1451 474">
    <p class='ocr_par' dir='ltr' id='par_1_22' title="bbox 937 338 1451 474">
     <span class='ocr_line' id='line_1_44' title="bbox 939 338 1451 380; baseline 0 -11"><span class='ocrx_word' id='word_1_144' title='bbox 939 339 1036 378; x_wconf 83' lang='lat' dir='ltr'>Virgo</span> <span class='ocrx_word' id='word_1_145' title='bbox 1063 338 1192 375; x_wconf 81' lang='lat' dir='ltr'>munda,</span> <span class='ocrx_word' id='word_1_146' title='bbox 1219 348 1276 370; x_wconf 86' lang='lat' dir='ltr'>nos</span> <span class='ocrx_word' id='word_1_147' title='bbox 1303 338 1451 380; x_wconf 80' lang='lat' dir='ltr'>emunda,</span> 
     </span>
     <span class='ocr_line' id='line_1_45' title="bbox 937 386 1434 427; baseline 0 -9"><span class='ocrx_word' id='word_1_148' title='bbox 937 386 1040 425; x_wconf 87' lang='lat' dir='ltr'>Saepe</span> <span class='ocrx_word' id='word_1_149' title='bbox 1067 386 1185 417; x_wconf 86' lang='lat' dir='ltr'>munda</span> <span class='ocrx_word' id='word_1_150' title='bbox 1211 391 1239 417; x_wconf 88' lang='lat' dir='ltr'>et</span> <span class='ocrx_word' id='word_1_151' title='bbox 1268 387 1434 427; x_wconf 75' lang='lat' dir='ltr'>remanda,</span> 
     </span>
     <span class='ocr_line' id='line_1_46' title="bbox 984 432 1277 474; baseline 0 -7"><span class='ocrx_word' id='word_1_152' title='bbox 984 432 1131 467; x_wconf 74' lang='lat' dir='ltr'>Iustitiae</span> <span class='ocrx_word' id='word_1_153' title='bbox 1158 435 1277 474; x_wconf 77' lang='lat' dir='ltr'>regula.</span> 
     </span>
    </p>
   </div>
   <div class='ocr_carea' id='block_1_13' title="bbox 901 528 1450 569">
    <p class='ocr_par' dir='ltr' id='par_1_23' title="bbox 901 528 1450 569">
     <span class='ocr_line' id='line_1_47' title="bbox 901 528 1450 569; baseline -0.004 -7"><span class='ocrx_word' id='word_1_154' title='bbox 901 554 907 562; x_wconf 89' lang='lat'><strong>.</strong></span> <span class='ocrx_word' id='word_1_155' title='bbox 935 529 1042 560; x_wconf 81' lang='lat' dir='ltr'>Mater</span> <span class='ocrx_word' id='word_1_156' title='bbox 1069 528 1180 565; x_wconf 82' lang='lat' dir='ltr'>dulcis,</span> <span class='ocrx_word' id='word_1_157' title='bbox 1209 529 1357 567; x_wconf 84' lang='lat' dir='ltr'>clemens,</span> <span class='ocrx_word' id='word_1_158' title='bbox 1384 529 1450 569; x_wconf 86' lang='lat' dir='ltr'>pia,</span> 
     </span>
    </p>
   </div>
   <div class='ocr_carea' id='block_1_14' title="bbox 936 572 1447 945">
    <p class='ocr_par' dir='ltr' id='par_1_24' title="bbox 936 572 1402 620">
     <span class='ocr_line' id='line_1_48' title="bbox 936 572 1402 620; baseline 0 -13"><span class='ocrx_word' id='word_1_159' title='bbox 936 577 1051 608; x_wconf 88' lang='lat' dir='ltr'>Mundi</span> <span class='ocrx_word' id='word_1_160' title='bbox 1079 572 1205 620; x_wconf 78' lang='lat' dir='ltr'>[salus],</span> <span class='ocrx_word' id='word_1_161' title='bbox 1233 577 1315 607; x_wconf 81' lang='lat' dir='ltr'>caeli</span> <span class='ocrx_word' id='word_1_162' title='bbox 1342 577 1402 614; x_wconf 83' lang='lat' dir='ltr'>via,</span> 
     </span>
    </p>

    <p class='ocr_par' dir='ltr' id='par_1_25' title="bbox 937 624 1432 759">
     <span class='ocr_line' id='line_1_49' title="bbox 985 624 1333 664; baseline 0 -9"><span class='ocrx_word' id='word_1_163' title='bbox 985 625 1032 655; x_wconf 78' lang='lat' dir='ltr'>&#39;l&#39;u</span> <span class='ocrx_word' id='word_1_164' title='bbox 1054 624 1205 664; x_wconf 82' lang='lat' dir='ltr'>Engaddi</span> <span class='ocrx_word' id='word_1_165' title='bbox 1230 625 1333 663; x_wconf 84' lang='lat' dir='ltr'>vinea,</span> 
     </span>
     <span class='ocr_line' id='line_1_50' title="bbox 937 672 1432 712; baseline 0.002 -10"><span class='ocrx_word' id='word_1_166' title='bbox 937 672 1070 703; x_wconf 80' lang='lat' dir='ltr'>Gemma</span> <span class='ocrx_word' id='word_1_167' title='bbox 1096 672 1185 712; x_wconf 79' lang='lat' dir='ltr'>caeli,</span> <span class='ocrx_word' id='word_1_168' title='bbox 1215 672 1323 703; x_wconf 85' lang='lat' dir='ltr'>mundi</span> <span class='ocrx_word' id='word_1_169' title='bbox 1351 682 1432 711; x_wconf 76' lang='lat' dir='ltr'>rosa,</span> 
     </span>
     <span class='ocr_line' id='line_1_51' title="bbox 938 720 1358 759; baseline -0.005 -7"><span class='ocrx_word' id='word_1_170' title='bbox 938 721 1048 752; x_wconf 85' lang='lat' dir='ltr'>Proles</span> <span class='ocrx_word' id='word_1_171' title='bbox 1079 721 1183 752; x_wconf 74' lang='lat' dir='ltr'>David</span> <span class='ocrx_word' id='word_1_172' title='bbox 1208 720 1358 759; x_wconf 74' lang='lat' dir='ltr'>gloriosa,</span> 
     </span>
    </p>

    <p class='ocr_par' dir='ltr' id='par_1_26' title="bbox 937 769 1447 904">
     <span class='ocr_line' id='line_1_52' title="bbox 983 769 1327 799; baseline -0.003 0"><span class='ocrx_word' id='word_1_173' title='bbox 983 769 1032 799; x_wconf 72' lang='lat' dir='ltr'>&#39;l&#39;u</span> <span class='ocrx_word' id='word_1_174' title='bbox 1057 777 1089 799; x_wconf 89' lang='lat' dir='ltr'>es</span> <span class='ocrx_word' id='word_1_175' title='bbox 1116 777 1194 798; x_wconf 77' lang='lat' dir='ltr'>urna</span> <span class='ocrx_word' id='word_1_176' title='bbox 1220 777 1327 799; x_wconf 82' lang='lat' dir='ltr'>aurea.</span> 
     </span>
     <span class='ocr_line' id='line_1_53' title="bbox 939 816 1447 858; baseline 0.002 -12"><span class='ocrx_word' id='word_1_177' title='bbox 939 816 1033 856; x_wconf 85' lang='lat' dir='ltr'>Virgo</span> <span class='ocrx_word' id='word_1_178' title='bbox 1060 816 1187 852; x_wconf 80' lang='lat' dir='ltr'>munda,</span> <span class='ocrx_word' id='word_1_179' title='bbox 1214 826 1271 847; x_wconf 83' lang='lat' dir='ltr'>nos</span> <span class='ocrx_word' id='word_1_180' title='bbox 1298 816 1447 858; x_wconf 83' lang='lat' dir='ltr'>emunda,</span> 
     </span>
     <span class='ocr_line' id='line_1_54' title="bbox 937 863 1422 904; baseline -0.002 -9"><span class='ocrx_word' id='word_1_181' title='bbox 937 863 1039 904; x_wconf 81' lang='lat' dir='ltr'>Saepe</span> <span class='ocrx_word' id='word_1_182' title='bbox 1066 865 1184 896; x_wconf 87' lang='lat' dir='ltr'>munda</span> <span class='ocrx_word' id='word_1_183' title='bbox 1210 868 1241 894; x_wconf 85' lang='lat' dir='ltr'>et</span> <span class='ocrx_word' id='word_1_184' title='bbox 1268 864 1422 895; x_wconf 79' lang='lat' dir='ltr'>remanda</span> 
     </span>
    </p>

    <p class='ocr_par' dir='ltr' id='par_1_27' title="bbox 983 912 1310 945">
     <span class='ocr_line' id='line_1_55' title="bbox 983 912 1310 945; baseline 0.006 -2"><span class='ocrx_word' id='word_1_185' title='bbox 983 913 1108 944; x_wconf 73' lang='lat' dir='ltr'>Eruens</span> <span class='ocrx_word' id='word_1_186' title='bbox 1135 922 1152 943; x_wconf 86' lang='lat' dir='ltr'>a</span> <span class='ocrx_word' id='word_1_187' title='bbox 1178 912 1310 945; x_wconf 77' lang='lat' dir='ltr'>framea.</span> 
     </span>
    </p>
   </div>
   <div class='ocr_carea' id='block_1_15' title="bbox 900 1007 1340 1040">
    <p class='ocr_par' dir='ltr' id='par_1_28' title="bbox 900 1007 1340 1040">
     <span class='ocr_line' id='line_1_56' title="bbox 900 1007 1340 1040; baseline -0.007 0"><span class='ocrx_word' id='word_1_188' title='bbox 900 1033 906 1040; x_wconf 88' lang='lat'>.</span> <span class='ocrx_word' id='word_1_189' title='bbox 935 1008 1041 1039; x_wconf 83' lang='lat' dir='ltr'>Mater</span> <span class='ocrx_word' id='word_1_190' title='bbox 1068 1007 1134 1039; x_wconf 75' lang='lat' dir='ltr'>veri</span> <span class='ocrx_word' id='word_1_191' title='bbox 1161 1007 1340 1039; x_wconf 69' lang='lat' dir='ltr'>Salomonis</span> 
     </span>
    </p>
   </div>
   <div class='ocr_carea' id='block_1_16' title="bbox 933 1055 1449 1424">
    <p class='ocr_par' dir='ltr' id='par_1_29' title="bbox 933 1055 1449 1424">
     <span class='ocr_line' id='line_1_57' title="bbox 934 1055 1370 1094; baseline -0.005 -8"><span class='ocrx_word' id='word_1_192' title='bbox 934 1056 1041 1094; x_wconf 88' lang='lat' dir='ltr'>Atque</span> <span class='ocrx_word' id='word_1_193' title='bbox 1066 1055 1168 1087; x_wconf 82' lang='lat' dir='ltr'>vellus</span> <span class='ocrx_word' id='word_1_194' title='bbox 1196 1055 1370 1094; x_wconf 77' lang='lat' dir='ltr'>Gedeonis,</span> 
     </span>
     <span class='ocr_line' id='line_1_58' title="bbox 984 1103 1342 1144; baseline -0.003 -10"><span class='ocrx_word' id='word_1_195' title='bbox 984 1104 1047 1136; x_wconf 78' lang='lat' dir='ltr'>Nos</span> <span class='ocrx_word' id='word_1_196' title='bbox 1074 1105 1105 1135; x_wconf 88' lang='lat' dir='ltr'>in</span> <span class='ocrx_word' id='word_1_197' title='bbox 1132 1114 1210 1142; x_wconf 76' lang='lat' dir='ltr'>pace</span> <span class='ocrx_word' id='word_1_198' title='bbox 1239 1103 1342 1144; x_wconf 81' lang='lat' dir='ltr'>visita,</span> 
     </span>
     <span class='ocr_line' id='line_1_59' title="bbox 933 1151 1448 1191; baseline 0 -10"><span class='ocrx_word' id='word_1_199' title='bbox 933 1152 1020 1189; x_wconf 74' lang='lat' dir='ltr'>Quae</span> <span class='ocrx_word' id='word_1_200' title='bbox 1046 1162 1104 1191; x_wconf 84' lang='lat' dir='ltr'>pei·</span> <span class='ocrx_word' id='word_1_201' title='bbox 1130 1151 1242 1182; x_wconf 84' lang='lat' dir='ltr'>rubum</span> <span class='ocrx_word' id='word_1_202' title='bbox 1269 1151 1448 1190; x_wconf 77' lang='lat' dir='ltr'>designaris</span> 
     </span>
     <span class='ocr_line' id='line_1_60' title="bbox 933 1199 1333 1239; baseline -0.003 -9"><span class='ocrx_word' id='word_1_203' title='bbox 933 1199 976 1230; x_wconf 87' lang='lat' dir='ltr'>Et</span> <span class='ocrx_word' id='word_1_204' title='bbox 1003 1201 1113 1239; x_wconf 79' lang='lat' dir='ltr'>regina</span> <span class='ocrx_word' id='word_1_205' title='bbox 1139 1199 1333 1238; x_wconf 72' lang='lat' dir='ltr'>nuncuparis</span> 
     </span>
     <span class='ocr_line' id='line_1_61' title="bbox 983 1247 1384 1284; baseline -0.002 -5"><span class='ocrx_word' id='word_1_206' title='bbox 983 1248 1065 1279; x_wconf 80' lang='lat' dir='ltr'>Prae</span> <span class='ocrx_word' id='word_1_207' title='bbox 1089 1247 1236 1280; x_wconf 77' lang='lat' dir='ltr'>omnibus</span> <span class='ocrx_word' id='word_1_208' title='bbox 1261 1247 1384 1284; x_wconf 74' lang='lat' dir='ltr'>inclita,</span> 
     </span>
     <span class='ocr_line' id='line_1_62' title="bbox 935 1294 1449 1336; baseline 0.002 -11"><span class='ocrx_word' id='word_1_209' title='bbox 935 1295 1032 1336; x_wconf 83' lang='lat' dir='ltr'>Virgo</span> <span class='ocrx_word' id='word_1_210' title='bbox 1058 1297 1186 1331; x_wconf 75' lang='lat' dir='ltr'>munda,</span> <span class='ocrx_word' id='word_1_211' title='bbox 1218 1305 1274 1326; x_wconf 84' lang='lat' dir='ltr'>nos</span> <span class='ocrx_word' id='word_1_212' title='bbox 1301 1294 1449 1333; x_wconf 78' lang='lat' dir='ltr'>emunda,</span> 
     </span>
     <span class='ocr_line' id='line_1_63' title="bbox 934 1342 1415 1383; baseline -0.002 -9"><span class='ocrx_word' id='word_1_213' title='bbox 934 1342 1037 1383; x_wconf 87' lang='lat' dir='ltr'>Saepe</span> <span class='ocrx_word' id='word_1_214' title='bbox 1062 1344 1180 1375; x_wconf 83' lang='lat' dir='ltr'>munda</span> <span class='ocrx_word' id='word_1_215' title='bbox 1202 1350 1231 1374; x_wconf 85' lang='lat' dir='ltr'>et</span> <span class='ocrx_word' id='word_1_216' title='bbox 1260 1344 1415 1374; x_wconf 77' lang='lat' dir='ltr'>reniunda</span> 
     </span>
     <span class='ocr_line' id='line_1_64' title="bbox 980 1391 1361 1424; baseline -0.003 -1"><span class='ocrx_word' id='word_1_217' title='bbox 980 1392 1024 1423; x_wconf 70' lang='lat' dir='ltr'>Et</span> <span class='ocrx_word' id='word_1_218' title='bbox 1048 1392 1214 1424; x_wconf 74' lang='lat' dir='ltr'>nobiscum</span> <span class='ocrx_word' id='word_1_219' title='bbox 1241 1391 1361 1423; x_wconf 79' lang='lat' dir='ltr'>habita.</span> 
     </span>
    </p>
   </div>
   <div class='ocr_carea' id='block_1_17' title="bbox 932 1487 1401 1769">
    <p class='ocr_par' dir='ltr' id='par_1_30' title="bbox 932 1487 1401 1769">
     <span class='ocr_line' id='line_1_65' title="bbox 934 1487 1371 1527; baseline -0.005 -8"><span class='ocrx_word' id='word_1_220' title='bbox 934 1488 1025 1519; x_wconf 82' lang='lat' dir='ltr'>Felix</span> <span class='ocrx_word' id='word_1_221' title='bbox 1053 1491 1157 1523; x_wconf 65' lang='lat' dir='ltr'>Anna,</span> <span class='ocrx_word' id='word_1_222' title='bbox 1185 1487 1371 1527; x_wconf 75' lang='lat' dir='ltr'>iucundam,</span> 
     </span>
     <span class='ocr_line' id='line_1_66' title="bbox 932 1535 1346 1575; baseline -0.007 -7"><span class='ocrx_word' id='word_1_223' title='bbox 932 1536 1018 1575; x_wconf 75' lang='lat' dir='ltr'>Quae</span> <span class='ocrx_word' id='word_1_224' title='bbox 1045 1535 1189 1567; x_wconf 77' lang='lat' dir='ltr'>meruisti</span> <span class='ocrx_word' id='word_1_225' title='bbox 1216 1539 1346 1574; x_wconf 73' lang='lat' dir='ltr'>portare</span> 
     </span>
     <span class='ocr_line' id='line_1_67' title="bbox 982 1584 1342 1623; baseline -0.006 -7"><span class='ocrx_word' id='word_1_226' title='bbox 982 1584 1185 1616; x_wconf 83' lang='lat' dir='ltr'>Genetricem</span> <span class='ocrx_word' id='word_1_227' title='bbox 1211 1584 1342 1623; x_wconf 69' lang='lat' dir='ltr'>gloriae,</span> 
     </span>
     <span class='ocr_line' id='line_1_68' title="bbox 933 1632 1401 1673; baseline -0.006 -8"><span class='ocrx_word' id='word_1_228' title='bbox 933 1633 1020 1672; x_wconf 83' lang='lat' dir='ltr'>Quae</span> <span class='ocrx_word' id='word_1_229' title='bbox 1047 1638 1178 1673; x_wconf 87' lang='lat' dir='ltr'>puteum</span> <span class='ocrx_word' id='word_1_230' title='bbox 1205 1632 1274 1662; x_wconf 86' lang='lat' dir='ltr'>sine</span> <span class='ocrx_word' id='word_1_231' title='bbox 1302 1632 1401 1663; x_wconf 79' lang='lat' dir='ltr'>tundo</span> 
     </span>
     <span class='ocr_line' id='line_1_69' title="bbox 933 1680 1350 1721; baseline -0.005 -9"><span class='ocrx_word' id='word_1_232' title='bbox 933 1682 1049 1712; x_wconf 82' lang='lat' dir='ltr'>Arenti</span> <span class='ocrx_word' id='word_1_233' title='bbox 1077 1680 1195 1712; x_wconf 84' lang='lat' dir='ltr'>dedisti</span> <span class='ocrx_word' id='word_1_234' title='bbox 1224 1680 1350 1721; x_wconf 73' lang='lat' dir='ltr'>mundo,</span> 
     </span>
     <span class='ocr_line' id='line_1_70' title="bbox 982 1729 1345 1769; baseline -0.008 -8"><span class='ocrx_word' id='word_1_235' title='bbox 982 1730 1077 1762; x_wconf 88' lang='lat' dir='ltr'>Unde</span> <span class='ocrx_word' id='word_1_236' title='bbox 1102 1734 1196 1769; x_wconf 85' lang='lat' dir='ltr'>potus</span> <span class='ocrx_word' id='word_1_237' title='bbox 1227 1729 1345 1759; x_wconf 73' lang='lat' dir='ltr'>veniae.</span> 
     </span>
    </p>
   </div>
   <div class='ocr_carea' id='block_1_18' title="bbox 933 1825 1370 2106">
    <p class='ocr_par' dir='ltr' id='par_1_31' title="bbox 933 1825 1370 2106">
     <span class='ocr_line' id='line_1_71' title="bbox 934 1825 1348 1867; baseline -0.002 -11"><span class='ocrx_word' id='word_1_238' title='bbox 934 1825 1052 1857; x_wconf 83' lang='lat' dir='ltr'>Sancta</span> <span class='ocrx_word' id='word_1_239' title='bbox 1078 1825 1187 1867; x_wconf 73' lang='lat' dir='ltr'>Lucia,</span> <span class='ocrx_word' id='word_1_240' title='bbox 1216 1826 1348 1864; x_wconf 68' lang='lat' dir='ltr'>laetare,</span> 
     </span>
     <span class='ocr_line' id='line_1_72' title="bbox 933 1873 1370 1913; baseline -0.005 -8"><span class='ocrx_word' id='word_1_241' title='bbox 933 1876 1019 1913; x_wconf 77' lang='lat' dir='ltr'>Quae</span> <span class='ocrx_word' id='word_1_242' title='bbox 1046 1874 1172 1913; x_wconf 82' lang='lat' dir='ltr'>parenti</span> <span class='ocrx_word' id='word_1_243' title='bbox 1198 1873 1266 1904; x_wconf 83' lang='lat' dir='ltr'>sine</span> <span class='ocrx_word' id='word_1_244' title='bbox 1292 1882 1370 1912; x_wconf 75' lang='lat' dir='ltr'>pare</span> 
     </span>
     <span class='ocr_line' id='line_1_73' title="bbox 979 1922 1337 1963; baseline -0.008 -9"><span class='ocrx_word' id='word_1_245' title='bbox 979 1922 1088 1954; x_wconf 86' lang='lat' dir='ltr'>Servis</span> <span class='ocrx_word' id='word_1_246' title='bbox 1115 1930 1190 1953; x_wconf 85' lang='lat' dir='ltr'>vera</span> <span class='ocrx_word' id='word_1_247' title='bbox 1215 1922 1337 1963; x_wconf 80' lang='lat' dir='ltr'>nuntia,</span> 
     </span>
     <span class='ocr_line' id='line_1_74' title="bbox 935 1970 1368 2011; baseline -0.002 -9"><span class='ocrx_word' id='word_1_248' title='bbox 935 1971 986 2003; x_wconf 90' lang='lat' dir='ltr'>Illi</span> <span class='ocrx_word' id='word_1_249' title='bbox 1013 1980 1091 2010; x_wconf 83' lang='lat' dir='ltr'>prae</span> <span class='ocrx_word' id='word_1_250' title='bbox 1115 1979 1223 2002; x_wconf 79' lang='lat' dir='ltr'>amore</span> <span class='ocrx_word' id='word_1_251' title='bbox 1250 1970 1368 2011; x_wconf 69' lang='lat' dir='ltr'>iuncta,</span> 
     </span>
     <span class='ocr_line' id='line_1_75' title="bbox 936 2018 1297 2051; baseline -0.006 -1"><span class='ocrx_word' id='word_1_252' title='bbox 936 2019 1074 2051; x_wconf 87' lang='lat' dir='ltr'>Servitio</span> <span class='ocrx_word' id='word_1_253' title='bbox 1102 2019 1162 2050; x_wconf 90' lang='lat' dir='ltr'>rite</span> <span class='ocrx_word' id='word_1_254' title='bbox 1190 2018 1297 2049; x_wconf 82' lang='lat' dir='ltr'>functa</span> 
     </span>
     <span class='ocr_line' id='line_1_76' title="bbox 982 2067 1255 2106; baseline -0.007 -7"><span class='ocrx_word' id='word_1_255' title='bbox 982 2068 1116 2100; x_wconf 84' lang='lat' dir='ltr'>Pietatis</span> <span class='ocrx_word' id='word_1_256' title='bbox 1142 2067 1255 2106; x_wconf 82' lang='lat' dir='ltr'>gratia.</span> 
     </span>
    </p>
   </div>
   <div class='ocr_carea' id='block_1_19' title="bbox 934 2163 1421 2441">
    <p class='ocr_par' dir='ltr' id='par_1_32' title="bbox 934 2163 1421 2441">
     <span class='ocr_line' id='line_1_77' title="bbox 934 2163 1389 2197; baseline -0.007 0"><span class='ocrx_word' id='word_1_257' title='bbox 934 2165 1053 2197; x_wconf 82' lang='lat' dir='ltr'>Sancta</span> <span class='ocrx_word' id='word_1_258' title='bbox 1078 2164 1177 2195; x_wconf 81' lang='lat' dir='ltr'>Fides</span> <span class='ocrx_word' id='word_1_259' title='bbox 1206 2173 1276 2194; x_wconf 84' lang='lat' dir='ltr'>cum</span> <span class='ocrx_word' id='word_1_260' title='bbox 1303 2163 1389 2194; x_wconf 72' lang='lat' dir='ltr'>socia</span> 
     </span>
     <span class='ocr_line' id='line_1_78' title="bbox 935 2213 1331 2253; baseline -0.01 -7"><span class='ocrx_word' id='word_1_261' title='bbox 935 2213 1114 2252; x_wconf 85' lang='lat' dir='ltr'>Elisabeth,</span> <span class='ocrx_word' id='word_1_262' title='bbox 1142 2218 1243 2243; x_wconf 82' lang='lat' dir='ltr'>matre</span> <span class='ocrx_word' id='word_1_263' title='bbox 1269 2213 1331 2253; x_wconf 78' lang='lat' dir='ltr'>pia⁷</span> 
     </span>
     <span class='ocr_line' id='line_1_79' title="bbox 985 2261 1370 2301; baseline -0.008 -8"><span class='ocrx_word' id='word_1_264' title='bbox 985 2262 1084 2293; x_wconf 73' lang='lat' dir='ltr'>Nobis</span> <span class='ocrx_word' id='word_1_265' title='bbox 1113 2270 1208 2301; x_wconf 72' lang='lat' dir='ltr'>posce</span> <span class='ocrx_word' id='word_1_266' title='bbox 1235 2261 1370 2300; x_wconf 79' lang='lat' dir='ltr'>venium,</span> 
     </span>
     <span class='ocr_line' id='line_1_80' title="bbox 934 2310 1381 2350; baseline -0.007 -7"><span class='ocrx_word' id='word_1_267' title='bbox 934 2312 987 2343; x_wconf 85' lang='lat' dir='ltr'>Ad</span> <span class='ocrx_word' id='word_1_268' title='bbox 1016 2311 1074 2341; x_wconf 84' lang='lat' dir='ltr'>hoc</span> <span class='ocrx_word' id='word_1_269' title='bbox 1102 2310 1147 2341; x_wconf 85' lang='lat' dir='ltr'>rei</span> <span class='ocrx_word' id='word_1_270' title='bbox 1173 2310 1381 2350; x_wconf 70' lang='lat' dir='ltr'>suspiramus7</span> 
     </span>
     <span class='ocr_line' id='line_1_81' title="bbox 936 2359 1421 2399; baseline -0.008 -7"><span class='ocrx_word' id='word_1_271' title='bbox 936 2361 982 2392; x_wconf 89' lang='lat' dir='ltr'>Te</span> <span class='ocrx_word' id='word_1_272' title='bbox 1008 2363 1142 2399; x_wconf 85' lang='lat' dir='ltr'>propter</span> <span class='ocrx_word' id='word_1_273' title='bbox 1168 2359 1227 2390; x_wconf 84' lang='lat' dir='ltr'>hoc</span> <span class='ocrx_word' id='word_1_274' title='bbox 1253 2367 1421 2390; x_wconf 75' lang='lat' dir='ltr'>exoramus</span> 
     </span>
     <span class='ocr_line' id='line_1_82' title="bbox 983 2408 1381 2441; baseline -0.005 -1"><span class='ocrx_word' id='word_1_275' title='bbox 983 2409 1025 2441; x_wconf 82' lang='lat' dir='ltr'>Et</span> <span class='ocrx_word' id='word_1_276' title='bbox 1052 2408 1223 2439; x_wconf 86' lang='lat' dir='ltr'>caelestem</span> <span class='ocrx_word' id='word_1_277' title='bbox 1250 2408 1381 2439; x_wconf 85' lang='lat' dir='ltr'>curiam.</span> 
     </span>
    </p>
   </div>
  </div>
 </body>
</html>
