1651 2680
425 201 480 233 10.
509 200 534 232 O
561 209 654 239 quam
679 209 814 239 amaraS,
842 204 944 232 mater
967 200 1147 234 sustinebas

507 247 741 280 Poenalitates!
768 247 856 279 luctu
881 247 1070 287 languefiam

507 296 580 327 Iesu
606 295 782 334 promendo
809 295 973 327 caritatem
998 296 1097 335 intuS,

601 342 696 375 Prole
722 342 858 382 privata.

428 439 481 472 11.
509 439 607 478 Virgo
634 447 808 478 poenarum
833 438 959 470 domum
984 438 1180 478 introgressa

506 486 645 525 Querule
673 486 788 526 gemit:
816 495 834 516 o
860 487 943 519 Iesu.
971 494 1045 525 spes
1071 485 1148 527 sola,

508 534 644 573 Soloque
672 533 784 565 labens
810 533 939 573 ploratu
964 533 1091 572 poenali

602 581 662 613 Est
690 585 843 614 saturata.

426 679 480 710 12.
508 677 603 708 Nunc
630 676 794 708 desolatur
820 675 914 707 turba
941 675 1119 717 provoluta,

509 725 602 756 Nune
628 724 778 756 anxiatur
803 728 906 755 mater
931 723 1111 761 lacrimosa,

509 773 601 804 Nunc
626 772 823 812 adgravatur
851 772 954 803 Iesum
982 769 1184 810 personando

602 821 673 852 Vox
698 819 908 860 gemebunda.

259 917 338 943 Orat.
371 924 423 942 τηε.
453 915 609 942 Caelestiu.
639 915 669 942 S.
697 915 809 941 Mariae
841 914 876 940 de
903 913 1037 940 Parisius
1069 921 1145 940 saec.
1173 911 1216 940 15.
1257 912 1328 940 eod.
1357 912 1503 939 Mazarin.

182 952 256 982 3897
275 952 360 987 (605).
383 968 419 971 »ἡ
439 952 465 984 4,
488 952 505 980 2
521 954 599 980 alma
613 962 681 988 vmq
696 954 726 979 in
742 953 836 979 ulnas.
852 967 888 971 —
906 951 949 986 10,
972 951 985 978 1
1002 952 1176 979 seaturibas.
1191 965 1229 971 —
1244 948 1289 984 10,
1311 948 1329 978 3
1344 951 1450 978 Iesum.
1465 964 1502 968 —

185 991 228 1024 11,
249 991 268 1019 4
288 992 343 1019 Est
363 992 442 1020 fehlt.
463 1007 501 1010 —
522 992 687 1027 Doxologie
708 992 762 1018 wie
784 991 867 1018 oben.

616 1111 663 1142 53.
706 1111 748 1142 De
771 1111 892 1142 Christo
914 1110 1068 1142 Patiente.

299 1211 446 1252 Quisquis
472 1211 561 1251 ades,
588 1211 713 1250 plange,
742 1211 845 1242 crucis
871 1219 987 1250 aspera
1012 1214 1117 1242 mente
1143 1211 1281 1253 revolve,

300 1262 387 1300 Quae
412 1258 485 1289 tulit
511 1267 530 1289 a
555 1259 646 1289 nobis
672 1263 804 1290 mortem
832 1259 911 1289 dans
939 1259 1022 1289 dona
1047 1259 1170 1291 salutis.

298 1308 381 1340 Dum
407 1306 480 1337 tulit
506 1306 579 1337 hinc
604 1311 737 1337 mortem
764 1306 881 1337 liberat
905 1315 962 1337 nos
990 1306 1107 1346 datque
1133 1307 1278 1339 salutem.

298 1356 369 1395 Eia,
396 1362 480 1384 nnnc
505 1352 588 1394 flete,
617 1353 760 1384 crncifixi
784 1357 887 1385 morte
913 1357 1049 1395 manete,

299 1403 348 1434 Ne
372 1401 516 1433 barathri
543 1405 610 1432 rete
637 1402 742 1440 rapiat
767 1411 823 1433 vos
850 1405 948 1441 vaste,
976 1402 1092 1433 videte.

302 1451 364 1481 Hic
390 1452 461 1480 tuus
488 1452 535 1479 est
561 1453 670 1480 noster
694 1450 821 1488 sanguis
849 1449 888 1480 de
914 1450 1037 1489 virgine
1063 1453 1219 1489 sumptus,

303 1497 370 1529 Nos
396 1497 493 1536 igitur
518 1505 601 1537 rege,
630 1506 687 1528 nos
714 1497 811 1539 salva,
840 1498 940 1528 nostri
967 1496 1130 1530 miserere.

263 1592 385 1619 Collect.
406 1600 458 1617 ms.
480 1592 580 1617 incert.
602 1593 674 1627 orig>
696 1601 771 1618 saec.
796 1591 838 1619 15.
874 1591 942 1618 cod.
959 1593 1101 1619 Oxonien.
1117 1593 1227 1620 Canon.
1245 1593 1372 1620 Miscell.
1389 1590 1453 1619 523.
1468 1606 1506 1612 —

184 1630 300 1657 Vorher
321 1630 415 1665 gehen
436 1629 482 1655 die
504 1630 658 1665 folgenden
681 1631 751 1657 zwei
774 1631 879 1663 Versa,
901 1631 948 1658 die
969 1632 1017 1658 ein
1039 1630 1153 1658 Ganzes
1175 1631 1221 1658 fiir
1241 1631 1305 1658 sich
1326 1631 1426 1658 bilden
1446 1630 1506 1658 und

186 1667 446 1704 augensclieinlich
467 1668 515 1694 die
534 1668 673 1695 Inschrist
695 1669 746 1695 auf
765 1670 858 1696 einem
879 1669 1012 1696 Kruzifix
1031 1669 1178 1696 bildeten:

361 1726 501 1760 Quisquis
523 1725 600 1758 ades,
624 1726 715 1761 plora,
738 1726 885 1753 Christum
907 1736 1022 1762 quoque
1044 1728 1096 1760 sic,
1117 1736 1228 1762 precor,
1256 1737 1320 1756 ora:

358 1765 414 1798 Qui
435 1763 515 1790 dedit
537 1764 614 1790 bunc
634 1766 735 1799 gratis,
758 1765 896 1797 salvator,
920 1766 1008 1801 iunge
1030 1766 1134 1793 beatis.

584 1914 632 1945 54.
674 1914 718 1944 Ad
740 1914 894 1945 Christum
918 1915 1103 1947 Patientem.

200 2013 230 2045 1.
259 2011 363 2051 Salve,
392 2012 465 2043 Iesu
490 2012 667 2051 Namrene,
887 2016 919 2047 3.
946 2014 1085 2055 Salvete‚
1112 2025 1130 2047 o
1157 2015 1325 2058 foramina,

257 2059 361 2099 Caput
386 2062 473 2090 tuum
499 2069 561 2091 non
587 2069 698 2092 serene
946 2062 1074 2095 Inflieta
1098 2064 1199 2103 spinis
1225 2068 1258 2096 et
1282 2065 1386 2106 spina,

255 2107 502 2140 Demonstratur
528 2111 722 2149 coronatum,
946 2109 1051 2152 Salve,
1079 2120 1097 2142 o
1123 2120 1271 2152 magnum
1297 2114 1437 2153 pretium

257 2155 339 2187 Nam
365 2154 491 2187 videtur
516 2155 703 2187 sauciatum.
948 2159 1117 2198 Sanguinis
1143 2159 1244 2199 spinis
1269 2161 1410 2194 obvium.

197 2249 230 2284 2.
259 2251 373 2289 Salve,
405 2253 500 2289 caput
525 2251 625 2290 spinis
652 2254 814 2291 punctum,
887 2254 918 2286 4.
946 2252 1084 2296 Salvete,
1111 2262 1223 2286 carnes
1248 2260 1458 2298 purpuratae,

257 2298 362 2339 Salve,
390 2306 502 2329 cruore
526 2303 715 2339 perunctum
945 2301 996 2332 Ex
1022 2300 1158 2342 flagellis
1184 2304 1372 2348 maculatae,

255 2347 305 2380 Ac
330 2354 514 2387 percussum
541 2347 698 2378 arundine
946 2348 1062 2380 Manus
1087 2352 1119 2380 et
1143 2349 1256 2390 spinae
1281 2350 1429 2385 fecerunt

256 2394 358 2428 Saeva
383 2394 604 2426 amaritudine.
946 2395 1097 2428 Hirsutas
1122 2401 1155 2428 et
1178 2403 1394 2440 pupugerunt,
