<?xml version="1.0" encoding="UTF-8"?>
<!DOCTYPE html PUBLIC "-//W3C//DTD XHTML 1.0 Transitional//EN"
    "http://www.w3.org/TR/xhtml1/DTD/xhtml1-transitional.dtd">
<html xmlns="http://www.w3.org/1999/xhtml" xml:lang="en" lang="en">
 <head>
  <title>
</title>
<meta http-equiv="Content-Type" content="text/html;charset=utf-8" />
  <meta name='ocr-system' content='tesseract 3.04.00' />
  <meta name='ocr-capabilities' content='ocr_page ocr_carea ocr_par ocr_line ocrx_word'/>
</head>
<body>
  <div class='ocr_page' id='page_1' title='image "./analectahymnica46drevuoft/analectahymnica46drevuoft_0384.png"; bbox 0 0 1651 2680; ppageno 0'>
   <div class='ocr_carea' id='block_1_1' title="bbox 0 126 25 454">
    <p class='ocr_par' dir='ltr' id='par_1_1' title="bbox 0 126 25 454">
     <span class='ocr_line' id='line_1_1' title="bbox 0 126 25 454; textangle 90"><span class='ocrx_word' id='word_1_1' title='bbox 0 151 25 454; x_wconf 49' lang='lat' dir='ltr'>xwwvvv-ff--v-Jw·</span> <span class='ocrx_word' id='word_1_2' title='bbox 10 126 15 131; x_wconf 81' lang='lat'><strong>.</strong></span> 
     </span>
    </p>
   </div>
   <div class='ocr_carea' id='block_1_2' title="bbox 213 203 271 236">
    <p class='ocr_par' dir='ltr' id='par_1_2' title="bbox 213 203 271 236">
     <span class='ocr_line' id='line_1_2' title="bbox 213 203 271 236; baseline 0 0"><span class='ocrx_word' id='word_1_3' title='bbox 213 203 271 236; x_wconf 84' lang='lat'><strong>33.</strong></span> 
     </span>
    </p>
   </div>
   <div class='ocr_carea' id='block_1_3' title="bbox 212 641 270 673">
    <p class='ocr_par' dir='ltr' id='par_1_3' title="bbox 212 641 270 673">
     <span class='ocr_line' id='line_1_3' title="bbox 212 641 270 673; baseline -0.034 0"><span class='ocrx_word' id='word_1_4' title='bbox 212 641 270 673; x_wconf 86' lang='lat'><strong>34.</strong></span> 
     </span>
    </p>
   </div>
   <div class='ocr_carea' id='block_1_4' title="bbox 212 1078 269 1110">
    <p class='ocr_par' dir='ltr' id='par_1_4' title="bbox 212 1078 269 1110">
     <span class='ocr_line' id='line_1_4' title="bbox 212 1078 269 1110; baseline -0.018 0"><span class='ocrx_word' id='word_1_5' title='bbox 212 1078 269 1110; x_wconf 87' lang='grc'>35.</span> 
     </span>
    </p>
   </div>
   <div class='ocr_carea' id='block_1_5' title="bbox 214 1578 272 1611">
    <p class='ocr_par' dir='ltr' id='par_1_5' title="bbox 214 1578 272 1611">
     <span class='ocr_line' id='line_1_5' title="bbox 214 1578 272 1611; baseline 0 0"><span class='ocrx_word' id='word_1_6' title='bbox 214 1578 272 1611; x_wconf 82' lang='grc'>36.</span> 
     </span>
    </p>
   </div>
   <div class='ocr_carea' id='block_1_6' title="bbox 210 2081 268 2114">
    <p class='ocr_par' dir='ltr' id='par_1_6' title="bbox 210 2081 268 2114">
     <span class='ocr_line' id='line_1_6' title="bbox 210 2081 268 2114; baseline -0.034 0"><span class='ocrx_word' id='word_1_7' title='bbox 210 2081 268 2114; x_wconf 83' lang='grc'>37.</span> 
     </span>
    </p>
   </div>
   <div class='ocr_carea' id='block_1_7' title="bbox 727 111 988 148">
    <p class='ocr_par' dir='ltr' id='par_1_7' title="bbox 727 111 988 148">
     <span class='ocr_line' id='line_1_7' title="bbox 727 111 988 148; baseline 0 -1"><span class='ocrx_word' id='word_1_8' title='bbox 727 111 891 148; x_wconf 89' lang='grc'><strong>-381</strong></span> <span class='ocrx_word' id='word_1_9' title='bbox 943 131 988 139; x_wconf 90' lang='grc'>-</span> 
     </span>
    </p>
   </div>
   <div class='ocr_carea' id='block_1_8' title="bbox 296 203 755 579">
    <p class='ocr_par' dir='ltr' id='par_1_8' title="bbox 296 203 755 579">
     <span class='ocr_line' id='line_1_8' title="bbox 296 203 655 238; baseline 0.008 -3"><span class='ocrx_word' id='word_1_10' title='bbox 296 203 415 236; x_wconf 81' lang='lat' dir='ltr'>Lectus</span> <span class='ocrx_word' id='word_1_11' title='bbox 440 205 496 237; x_wconf 89' lang='lat' dir='ltr'>ille</span> <span class='ocrx_word' id='word_1_12' title='bbox 520 204 655 238; x_wconf 89' lang='lat' dir='ltr'>floridus</span> 
     </span>
     <span class='ocr_line' id='line_1_9' title="bbox 345 253 688 293; baseline 0.009 -9"><span class='ocrx_word' id='word_1_13' title='bbox 345 261 385 284; x_wconf 86' lang='lat' dir='ltr'>ex</span> <span class='ocrx_word' id='word_1_14' title='bbox 411 253 506 293; x_wconf 85' lang='lat' dir='ltr'>lignis</span> <span class='ocrx_word' id='word_1_15' title='bbox 532 254 688 287; x_wconf 81' lang='lat' dir='ltr'>olivarum</span> 
     </span>
     <span class='ocr_line' id='line_1_10' title="bbox 299 299 747 341; baseline 0.011 -10"><span class='ocrx_word' id='word_1_16' title='bbox 299 299 466 341; x_wconf 86' lang='lat' dir='ltr'>Cetimque</span> <span class='ocrx_word' id='word_1_17' title='bbox 491 310 565 332; x_wconf 86' lang='lat' dir='ltr'>mox</span> <span class='ocrx_word' id='word_1_18' title='bbox 591 304 747 336; x_wconf 75' lang='lat' dir='ltr'>sternitur</span> 
     </span>
     <span class='ocr_line' id='line_1_11' title="bbox 347 348 715 391; baseline 0.011 -12"><span class='ocrx_word' id='word_1_19' title='bbox 347 352 379 379; x_wconf 89' lang='lat' dir='ltr'>et</span> <span class='ocrx_word' id='word_1_20' title='bbox 404 348 498 388; x_wconf 88' lang='lat' dir='ltr'>lignis</span> <span class='ocrx_word' id='word_1_21' title='bbox 524 349 715 391; x_wconf 82' lang='lat' dir='ltr'>palmarum,</span> 
     </span>
     <span class='ocr_line' id='line_1_12' title="bbox 299 395 598 436; baseline 0 -8"><span class='ocrx_word' id='word_1_22' title='bbox 299 395 447 428; x_wconf 87' lang='lat' dir='ltr'>Paradisi</span> <span class='ocrx_word' id='word_1_23' title='bbox 473 397 598 436; x_wconf 86' lang='lat' dir='ltr'>species</span> 
     </span>
     <span class='ocr_line' id='line_1_13' title="bbox 345 444 646 486; baseline 0 -10"><span class='ocrx_word' id='word_1_24' title='bbox 345 444 432 476; x_wconf 88' lang='lat' dir='ltr'>mitis</span> <span class='ocrx_word' id='word_1_25' title='bbox 459 445 646 486; x_wconf 86' lang='lat' dir='ltr'>resinarum,</span> 
     </span>
     <span class='ocr_line' id='line_1_14' title="bbox 297 491 755 532; baseline 0.009 -10"><span class='ocrx_word' id='word_1_26' title='bbox 297 491 346 523; x_wconf 90' lang='lat' dir='ltr'>De</span> <span class='ocrx_word' id='word_1_27' title='bbox 373 491 489 532; x_wconf 90' lang='lat' dir='ltr'>quibus</span> <span class='ocrx_word' id='word_1_28' title='bbox 516 494 679 525; x_wconf 88' lang='lat' dir='ltr'>conditum</span> <span class='ocrx_word' id='word_1_29' title='bbox 707 499 755 526; x_wconf 91' lang='lat' dir='ltr'>est</span> 
     </span>
     <span class='ocr_line' id='line_1_15' title="bbox 345 540 691 579; baseline 0.006 -8"><span class='ocrx_word' id='word_1_30' title='bbox 345 549 424 579; x_wconf 88' lang='lat' dir='ltr'>opus</span> <span class='ocrx_word' id='word_1_31' title='bbox 451 540 532 572; x_wconf 92' lang='lat' dir='ltr'>illud</span> <span class='ocrx_word' id='word_1_32' title='bbox 559 541 691 576; x_wconf 83' lang='lat' dir='ltr'>clarum.</span> 
     </span>
    </p>
   </div>
   <div class='ocr_carea' id='block_1_9' title="bbox 295 639 749 1010">
    <p class='ocr_par' dir='ltr' id='par_1_9' title="bbox 295 639 749 1010">
     <span class='ocr_line' id='line_1_16' title="bbox 298 639 722 681; baseline 0.005 -9"><span class='ocrx_word' id='word_1_33' title='bbox 298 639 471 672; x_wconf 88' lang='lat' dir='ltr'>Cherubim</span> <span class='ocrx_word' id='word_1_34' title='bbox 498 644 528 670; x_wconf 86' lang='lat' dir='ltr'>et</span> <span class='ocrx_word' id='word_1_35' title='bbox 553 640 722 681; x_wconf 81' lang='lat' dir='ltr'>Seraphim</span> 
     </span>
     <span class='ocr_line' id='line_1_17' title="bbox 347 687 749 721; baseline 0.007 -3"><span class='ocrx_word' id='word_1_36' title='bbox 347 687 501 718; x_wconf 88' lang='lat' dir='ltr'>assistunt</span> <span class='ocrx_word' id='word_1_37' title='bbox 528 696 598 720; x_wconf 89' lang='lat' dir='ltr'>cum</span> <span class='ocrx_word' id='word_1_38' title='bbox 625 689 749 721; x_wconf 86' lang='lat' dir='ltr'>thronis</span> 
     </span>
     <span class='ocr_line' id='line_1_18' title="bbox 297 735 627 774; baseline 0.003 -7"><span class='ocrx_word' id='word_1_39' title='bbox 297 735 341 767; x_wconf 87' lang='lat' dir='ltr'>Et</span> <span class='ocrx_word' id='word_1_40' title='bbox 367 735 627 774; x_wconf 81' lang='lat' dir='ltr'>epithalamicum</span> 
     </span>
     <span class='ocr_line' id='line_1_19' title="bbox 347 783 699 823; baseline 0.006 -9"><span class='ocrx_word' id='word_1_41' title='bbox 347 783 412 814; x_wconf 90' lang='lat' dir='ltr'>suis</span> <span class='ocrx_word' id='word_1_42' title='bbox 439 788 569 815; x_wconf 82' lang='lat' dir='ltr'>cantant</span> <span class='ocrx_word' id='word_1_43' title='bbox 598 785 699 823; x_wconf 85' lang='lat' dir='ltr'>donis,</span> 
     </span>
     <span class='ocr_line' id='line_1_20' title="bbox 298 831 709 872; baseline 0.007 -9"><span class='ocrx_word' id='word_1_44' title='bbox 298 831 392 863; x_wconf 84' lang='lat' dir='ltr'>Stant</span> <span class='ocrx_word' id='word_1_45' title='bbox 418 832 531 871; x_wconf 85' lang='lat' dir='ltr'>viginti</span> <span class='ocrx_word' id='word_1_46' title='bbox 558 836 709 872; x_wconf 87' lang='lat' dir='ltr'>quattuor</span> 
     </span>
     <span class='ocr_line' id='line_1_21' title="bbox 344 882 696 921; baseline 0.006 -11"><span class='ocrx_word' id='word_1_47' title='bbox 344 888 436 910; x_wconf 89' lang='lat' dir='ltr'>senes</span> <span class='ocrx_word' id='word_1_48' title='bbox 463 888 532 911; x_wconf 91' lang='lat' dir='ltr'>cum</span> <span class='ocrx_word' id='word_1_49' title='bbox 560 882 696 921; x_wconf 75' lang='lat' dir='ltr'>coronis,</span> 
     </span>
     <span class='ocr_line' id='line_1_22' title="bbox 295 927 688 960; baseline 0.005 -2"><span class='ocrx_word' id='word_1_50' title='bbox 295 928 339 959; x_wconf 88' lang='lat' dir='ltr'>Et</span> <span class='ocrx_word' id='word_1_51' title='bbox 364 932 493 958; x_wconf 87' lang='lat' dir='ltr'>servant</span> <span class='ocrx_word' id='word_1_52' title='bbox 521 927 688 960; x_wconf 83' lang='lat' dir='ltr'>fortissimi</span> 
     </span>
     <span class='ocr_line' id='line_1_23' title="bbox 343 975 679 1010; baseline 0.012 -4"><span class='ocrx_word' id='word_1_53' title='bbox 343 976 461 1006; x_wconf 90' lang='lat' dir='ltr'>lectum</span> <span class='ocrx_word' id='word_1_54' title='bbox 489 975 679 1010; x_wconf 61' lang='lat' dir='ltr'>Salomonis</span> 
     </span>
    </p>
   </div>
   <div class='ocr_carea' id='block_1_10' title="bbox 296 1076 767 1444">
    <p class='ocr_par' dir='ltr' id='par_1_10' title="bbox 296 1076 767 1444">
     <span class='ocr_line' id='line_1_24' title="bbox 297 1076 674 1116; baseline 0 -8"><span class='ocrx_word' id='word_1_55' title='bbox 297 1076 508 1108; x_wconf 85' lang='lat' dir='ltr'>Advocantur</span> <span class='ocrx_word' id='word_1_56' title='bbox 535 1077 674 1116; x_wconf 84' lang='lat' dir='ltr'>virgines</span> 
     </span>
     <span class='ocr_line' id='line_1_25' title="bbox 344 1124 767 1166; baseline 0.007 -12"><span class='ocrx_word' id='word_1_57' title='bbox 344 1128 376 1155; x_wconf 86' lang='lat' dir='ltr'>et</span> <span class='ocrx_word' id='word_1_58' title='bbox 403 1124 603 1155; x_wconf 86' lang='lat' dir='ltr'>circumdant</span> <span class='ocrx_word' id='word_1_59' title='bbox 629 1124 767 1166; x_wconf 83' lang='lat' dir='ltr'>thorum,</span> 
     </span>
     <span class='ocr_line' id='line_1_26' title="bbox 296 1172 711 1205; baseline 0 -1"><span class='ocrx_word' id='word_1_60' title='bbox 296 1172 340 1205; x_wconf 86' lang='lat' dir='ltr'>Ut</span> <span class='ocrx_word' id='word_1_61' title='bbox 366 1175 496 1203; x_wconf 86' lang='lat' dir='ltr'>cantent</span> <span class='ocrx_word' id='word_1_62' title='bbox 522 1172 711 1204; x_wconf 80' lang='lat' dir='ltr'>suavissime</span> 
     </span>
     <span class='ocr_line' id='line_1_27' title="bbox 344 1220 693 1262; baseline 0 -10"><span class='ocrx_word' id='word_1_63' title='bbox 344 1229 472 1252; x_wconf 87' lang='lat' dir='ltr'>carmen</span> <span class='ocrx_word' id='word_1_64' title='bbox 499 1220 693 1262; x_wconf 83' lang='lat' dir='ltr'>angelorum,</span> 
     </span>
     <span class='ocr_line' id='line_1_28' title="bbox 297 1268 700 1308; baseline 0 -8"><span class='ocrx_word' id='word_1_65' title='bbox 297 1269 387 1300; x_wconf 88' lang='lat' dir='ltr'>Inter</span> <span class='ocrx_word' id='word_1_66' title='bbox 412 1277 490 1308; x_wconf 87' lang='lat' dir='ltr'>quas</span> <span class='ocrx_word' id='word_1_67' title='bbox 517 1273 548 1299; x_wconf 89' lang='lat' dir='ltr'>et</span> <span class='ocrx_word' id='word_1_68' title='bbox 576 1268 700 1300; x_wconf 86' lang='lat' dir='ltr'>decima</span> 
     </span>
     <span class='ocr_line' id='line_1_29' title="bbox 345 1315 677 1359; baseline 0.003 -12"><span class='ocrx_word' id='word_1_69' title='bbox 345 1315 415 1359; x_wconf 86' lang='lat' dir='ltr'>fuit,</span> <span class='ocrx_word' id='word_1_70' title='bbox 444 1316 677 1348; x_wconf 87' lang='lat' dir='ltr'>haereticorum</span> 
     </span>
     <span class='ocr_line' id='line_1_30' title="bbox 296 1364 720 1406; baseline 0 -10"><span class='ocrx_word' id='word_1_71' title='bbox 296 1364 402 1396; x_wconf 87' lang='lat' dir='ltr'>Falsis</span> <span class='ocrx_word' id='word_1_72' title='bbox 429 1365 559 1403; x_wconf 83' lang='lat' dir='ltr'>scriptis</span> <span class='ocrx_word' id='word_1_73' title='bbox 586 1364 720 1406; x_wconf 86' lang='lat' dir='ltr'>intonat,</span> 
     </span>
     <span class='ocr_line' id='line_1_31' title="bbox 343 1409 738 1444; baseline 0.003 -1"><span class='ocrx_word' id='word_1_74' title='bbox 343 1413 412 1444; x_wconf 82' lang='lat' dir='ltr'>vult.</span> <span class='ocrx_word' id='word_1_75' title='bbox 437 1409 574 1443; x_wconf 81' lang='lat' dir='ltr'>turbare</span> <span class='ocrx_word' id='word_1_76' title='bbox 596 1412 738 1444; x_wconf 89' lang='lat' dir='ltr'>chorum.</span> 
     </span>
    </p>
   </div>
   <div class='ocr_carea' id='block_1_11' title="bbox 416 1508 612 1534">
    <p class='ocr_par' dir='ltr' id='par_1_11' title="bbox 416 1508 612 1534">
     <span class='ocr_line' id='line_1_32' title="bbox 416 1508 612 1534; baseline -0.01 0"><span class='ocrx_word' id='word_1_77' title='bbox 416 1508 612 1534; x_wconf 86' lang='lat' dir='ltr'>Arrianus.</span> 
     </span>
    </p>
   </div>
   <div class='ocr_carea' id='block_1_12' title="bbox 294 1576 802 1947">
    <p class='ocr_par' dir='ltr' id='par_1_12' title="bbox 294 1576 802 1947">
     <span class='ocr_line' id='line_1_33' title="bbox 299 1576 715 1617; baseline -0.002 -9"><span class='ocrx_word' id='word_1_78' title='bbox 299 1578 383 1617; x_wconf 84' lang='lat' dir='ltr'>Quas</span> <span class='ocrx_word' id='word_1_79' title='bbox 409 1576 550 1608; x_wconf 85' lang='lat' dir='ltr'>laudatis</span> <span class='ocrx_word' id='word_1_80' title='bbox 576 1576 715 1615; x_wconf 81' lang='lat' dir='ltr'>nuptias,</span> 
     </span>
     <span class='ocr_line' id='line_1_34' title="bbox 341 1622 802 1665; baseline -0.002 -9"><span class='ocrx_word' id='word_1_81' title='bbox 341 1633 496 1665; x_wconf 86' lang='lat' dir='ltr'>quaenam</span> <span class='ocrx_word' id='word_1_82' title='bbox 521 1627 595 1655; x_wconf 88' lang='lat' dir='ltr'>sunt</span> <span class='ocrx_word' id='word_1_83' title='bbox 621 1627 652 1654; x_wconf 89' lang='lat' dir='ltr'>et</span> <span class='ocrx_word' id='word_1_84' title='bbox 678 1622 802 1664; x_wconf 79' lang='lat' dir='ltr'>quare?</span> 
     </span>
     <span class='ocr_line' id='line_1_35' title="bbox 294 1672 600 1707; baseline -0.016 0"><span class='ocrx_word' id='word_1_85' title='bbox 294 1674 416 1707; x_wconf 82' lang='lat' dir='ltr'>Contra</span> <span class='ocrx_word' id='word_1_86' title='bbox 439 1672 600 1704; x_wconf 88' lang='lat' dir='ltr'>naturalia</span> 
     </span>
     <span class='ocr_line' id='line_1_36' title="bbox 345 1720 620 1758; baseline -0.004 -6"><span class='ocrx_word' id='word_1_87' title='bbox 345 1721 441 1752; x_wconf 86' lang='lat' dir='ltr'>vultis</span> <span class='ocrx_word' id='word_1_88' title='bbox 469 1720 620 1758; x_wconf 84' lang='lat' dir='ltr'>delirare,</span> 
     </span>
     <span class='ocr_line' id='line_1_37' title="bbox 295 1767 699 1807; baseline -0.005 -5"><span class='ocrx_word' id='word_1_89' title='bbox 295 1771 541 1803; x_wconf 88' lang='lat' dir='ltr'>Praesumentes</span> <span class='ocrx_word' id='word_1_90' title='bbox 568 1767 699 1807; x_wconf 86' lang='lat' dir='ltr'>virginis</span> 
     </span>
     <span class='ocr_line' id='line_1_38' title="bbox 345 1816 692 1858; baseline -0.003 -9"><span class='ocrx_word' id='word_1_91' title='bbox 345 1821 472 1858; x_wconf 87' lang='lat' dir='ltr'>partum</span> <span class='ocrx_word' id='word_1_92' title='bbox 501 1816 692 1856; x_wconf 84' lang='lat' dir='ltr'>praedicare</span> 
     </span>
     <span class='ocr_line' id='line_1_39' title="bbox 299 1864 700 1898; baseline -0.005 0"><span class='ocrx_word' id='word_1_93' title='bbox 299 1867 356 1898; x_wconf 90' lang='lat' dir='ltr'>Vel</span> <span class='ocrx_word' id='word_1_94' title='bbox 382 1865 415 1897; x_wconf 92' lang='lat' dir='ltr'>in</span> <span class='ocrx_word' id='word_1_95' title='bbox 441 1865 545 1897; x_wconf 89' lang='lat' dir='ltr'>tribus</span> <span class='ocrx_word' id='word_1_96' title='bbox 571 1864 700 1896; x_wconf 89' lang='lat' dir='ltr'>unicum</span> 
     </span>
     <span class='ocr_line' id='line_1_40' title="bbox 343 1914 620 1947; baseline -0.014 0"><span class='ocrx_word' id='word_1_97' title='bbox 343 1914 446 1947; x_wconf 89' lang='lat' dir='ltr'>Deum</span> <span class='ocrx_word' id='word_1_98' title='bbox 474 1914 620 1945; x_wconf 87' lang='lat' dir='ltr'>adorare.</span> 
     </span>
    </p>
   </div>
   <div class='ocr_carea' id='block_1_13' title="bbox 440 2011 587 2037">
    <p class='ocr_par' dir='ltr' id='par_1_13' title="bbox 440 2011 587 2037">
     <span class='ocr_line' id='line_1_41' title="bbox 440 2011 587 2037; baseline -0.014 0"><span class='ocrx_word' id='word_1_99' title='bbox 440 2011 587 2037; x_wconf 86' lang='lat' dir='ltr'>Nestor.</span> 
     </span>
    </p>
   </div>
   <div class='ocr_carea' id='block_1_14' title="bbox 294 2078 800 2449">
    <p class='ocr_par' dir='ltr' id='par_1_14' title="bbox 294 2078 800 2449">
     <span class='ocr_line' id='line_1_42' title="bbox 297 2078 722 2119; baseline 0 -9"><span class='ocrx_word' id='word_1_100' title='bbox 297 2079 530 2118; x_wconf 86' lang='lat' dir='ltr'>Protopanton,</span> <span class='ocrx_word' id='word_1_101' title='bbox 558 2078 722 2119; x_wconf 79' lang='lat' dir='ltr'>tliogaton‚</span> 
     </span>
     <span class='ocr_line' id='line_1_43' title="bbox 342 2126 646 2158; baseline -0.007 0"><span class='ocrx_word' id='word_1_102' title='bbox 342 2136 483 2158; x_wconf 88' lang='lat' dir='ltr'>summus</span> <span class='ocrx_word' id='word_1_103' title='bbox 508 2126 646 2157; x_wconf 88' lang='lat' dir='ltr'>illocalis</span> 
     </span>
     <span class='ocr_line' id='line_1_44' title="bbox 295 2173 673 2214; baseline -0.003 -7"><span class='ocrx_word' id='word_1_104' title='bbox 295 2174 430 2214; x_wconf 89' lang='lat' dir='ltr'>Semper</span> <span class='ocrx_word' id='word_1_105' title='bbox 456 2173 517 2206; x_wconf 85' lang='lat' dir='ltr'>fuit</span> <span class='ocrx_word' id='word_1_106' title='bbox 544 2179 574 2205; x_wconf 85' lang='lat' dir='ltr'>et</span> <span class='ocrx_word' id='word_1_107' title='bbox 601 2174 673 2213; x_wconf 87' lang='lat' dir='ltr'>erit,</span> 
     </span>
     <span class='ocr_line' id='line_1_45' title="bbox 344 2223 728 2263; baseline 0 -9"><span class='ocrx_word' id='word_1_108' title='bbox 344 2231 472 2263; x_wconf 83' lang='lat' dir='ltr'>semper</span> <span class='ocrx_word' id='word_1_109' title='bbox 498 2226 546 2254; x_wconf 88' lang='lat' dir='ltr'>est</span> <span class='ocrx_word' id='word_1_110' title='bbox 571 2223 728 2263; x_wconf 86' lang='lat' dir='ltr'>aequalis,</span> 
     </span>
     <span class='ocr_line' id='line_1_46' title="bbox 294 2270 800 2314; baseline -0.002 -10"><span class='ocrx_word' id='word_1_111' title='bbox 294 2271 323 2304; x_wconf 82' lang='lat' dir='ltr'>A</span> <span class='ocrx_word' id='word_1_112' title='bbox 352 2280 386 2303; x_wconf 88' lang='lat' dir='ltr'>se</span> <span class='ocrx_word' id='word_1_113' title='bbox 411 2280 573 2311; x_wconf 87' lang='lat' dir='ltr'>nunquam</span> <span class='ocrx_word' id='word_1_114' title='bbox 602 2270 800 2314; x_wconf 80' lang='lat' dir='ltr'>discrepans,</span> 
     </span>
     <span class='ocr_line' id='line_1_47' title="bbox 341 2319 727 2360; baseline -0.003 -8"><span class='ocrx_word' id='word_1_115' title='bbox 341 2329 503 2360; x_wconf 89' lang='lat' dir='ltr'>nunquam</span> <span class='ocrx_word' id='word_1_116' title='bbox 529 2319 727 2359; x_wconf 77' lang='lat' dir='ltr'>inaequalis3</span> 
     </span>
     <span class='ocr_line' id='line_1_48' title="bbox 294 2367 694 2406; baseline -0.003 -6"><span class='ocrx_word' id='word_1_117' title='bbox 294 2367 388 2400; x_wconf 85' lang='lat' dir='ltr'>Fecit</span> <span class='ocrx_word' id='word_1_118' title='bbox 412 2368 474 2400; x_wconf 85' lang='lat' dir='ltr'>hoc</span> <span class='ocrx_word' id='word_1_119' title='bbox 499 2367 694 2406; x_wconf 86' lang='lat' dir='ltr'>anomalum,</span> 
     </span>
     <span class='ocr_line' id='line_1_49' title="bbox 341 2415 687 2449; baseline 0 -1"><span class='ocrx_word' id='word_1_120' title='bbox 341 2421 378 2449; x_wconf 84' lang='lat' dir='ltr'>ut</span> <span class='ocrx_word' id='word_1_121' title='bbox 403 2419 490 2448; x_wconf 85' lang='lat' dir='ltr'>esset</span> <span class='ocrx_word' id='word_1_122' title='bbox 515 2415 687 2449; x_wconf 76' lang='lat' dir='ltr'>mortalis?</span> 
     </span>
    </p>
   </div>
   <div class='ocr_carea' id='block_1_15' title="bbox 1149 209 1268 237">
    <p class='ocr_par' dir='ltr' id='par_1_15' title="bbox 1149 209 1268 237">
     <span class='ocr_line' id='line_1_50' title="bbox 1149 209 1268 237; baseline 0 -1"><span class='ocrx_word' id='word_1_123' title='bbox 1149 209 1268 237; x_wconf 87' lang='lat' dir='ltr'>Plato.</span> 
     </span>
    </p>
   </div>
   <div class='ocr_carea' id='block_1_16' title="bbox 907 267 1398 642">
    <p class='ocr_par' dir='ltr' id='par_1_16' title="bbox 907 267 1398 642">
     <span class='ocr_line' id='line_1_51' title="bbox 907 267 1341 307; baseline 0 -7"><span class='ocrx_word' id='word_1_124' title='bbox 907 268 962 300; x_wconf 87' lang='lat'><strong>38.</strong></span> <span class='ocrx_word' id='word_1_125' title='bbox 991 267 1058 298; x_wconf 86' lang='lat' dir='ltr'>Ista</span> <span class='ocrx_word' id='word_1_126' title='bbox 1082 276 1145 299; x_wconf 90' lang='lat' dir='ltr'>non</span> <span class='ocrx_word' id='word_1_127' title='bbox 1168 272 1217 299; x_wconf 88' lang='lat' dir='ltr'>est</span> <span class='ocrx_word' id='word_1_128' title='bbox 1239 268 1341 307; x_wconf 84' lang='lat' dir='ltr'>logica</span> 
     </span>
     <span class='ocr_line' id='line_1_52' title="bbox 1037 316 1290 357; baseline 0 -11"><span class='ocrx_word' id='word_1_129' title='bbox 1037 323 1096 346; x_wconf 88' lang='lat' dir='ltr'>nec</span> <span class='ocrx_word' id='word_1_130' title='bbox 1121 316 1290 357; x_wconf 76' lang='lat' dir='ltr'>theologia,</span> 
     </span>
     <span class='ocr_line' id='line_1_53' title="bbox 989 362 1380 394; baseline 0 0"><span class='ocrx_word' id='word_1_131' title='bbox 989 362 1052 394; x_wconf 88' lang='lat' dir='ltr'>Sed</span> <span class='ocrx_word' id='word_1_132' title='bbox 1079 362 1198 394; x_wconf 87' lang='lat' dir='ltr'>adultis</span> <span class='ocrx_word' id='word_1_133' title='bbox 1223 363 1380 394; x_wconf 88' lang='lat' dir='ltr'>mentibus</span> 
     </span>
     <span class='ocr_line' id='line_1_54' title="bbox 1037 411 1398 452; baseline 0 -10"><span class='ocrx_word' id='word_1_134' title='bbox 1037 412 1193 450; x_wconf 85' lang='lat' dir='ltr'>quaedam</span> <span class='ocrx_word' id='word_1_135' title='bbox 1220 411 1398 452; x_wconf 80' lang='lat' dir='ltr'>phantasia,</span> 
     </span>
     <span class='ocr_line' id='line_1_55' title="bbox 991 458 1395 498; baseline 0 -8"><span class='ocrx_word' id='word_1_136' title='bbox 991 458 1070 490; x_wconf 86' lang='lat' dir='ltr'>Cum</span> <span class='ocrx_word' id='word_1_137' title='bbox 1097 467 1193 498; x_wconf 89' lang='lat' dir='ltr'>super</span> <span class='ocrx_word' id='word_1_138' title='bbox 1218 463 1265 490; x_wconf 89' lang='lat' dir='ltr'>tot</span> <span class='ocrx_word' id='word_1_139' title='bbox 1291 459 1395 498; x_wconf 87' lang='lat' dir='ltr'>spatia</span> 
     </span>
     <span class='ocr_line' id='line_1_56' title="bbox 1039 505 1290 547; baseline 0.008 -11"><span class='ocrx_word' id='word_1_140' title='bbox 1039 505 1102 536; x_wconf 83' lang='lat' dir='ltr'>fert</span> <span class='ocrx_word' id='word_1_141' title='bbox 1127 507 1290 547; x_wconf 84' lang='lat' dir='ltr'>allegoria,</span> 
     </span>
     <span class='ocr_line' id='line_1_57' title="bbox 991 553 1376 595; baseline 0.003 -11"><span class='ocrx_word' id='word_1_142' title='bbox 991 553 1062 585; x_wconf 90' lang='lat' dir='ltr'>Non</span> <span class='ocrx_word' id='word_1_143' title='bbox 1087 558 1135 585; x_wconf 83' lang='lat' dir='ltr'>est</span> <span class='ocrx_word' id='word_1_144' title='bbox 1160 555 1221 586; x_wconf 83' lang='lat' dir='ltr'>ista</span> <span class='ocrx_word' id='word_1_145' title='bbox 1248 555 1376 595; x_wconf 80' lang='lat' dir='ltr'>veritas,</span> 
     </span>
     <span class='ocr_line' id='line_1_58' title="bbox 1039 601 1340 642; baseline 0.003 -11"><span class='ocrx_word' id='word_1_146' title='bbox 1039 601 1095 632; x_wconf 87' lang='lat' dir='ltr'>sed</span> <span class='ocrx_word' id='word_1_147' title='bbox 1123 601 1340 642; x_wconf 82' lang='lat' dir='ltr'>falsigraphia.</span> 
     </span>
    </p>
   </div>
   <div class='ocr_carea' id='block_1_17' title="bbox 1102 675 1310 704">
    <p class='ocr_par' dir='ltr' id='par_1_17' title="bbox 1102 675 1310 704">
     <span class='ocr_line' id='line_1_59' title="bbox 1102 675 1310 704; baseline 0.005 -2"><span class='ocrx_word' id='word_1_148' title='bbox 1102 675 1310 704; x_wconf 80' lang='lat' dir='ltr'>Sabellius.</span> 
     </span>
    </p>
   </div>
   <div class='ocr_carea' id='block_1_18' title="bbox 910 734 1399 1108">
    <p class='ocr_par' dir='ltr' id='par_1_18' title="bbox 910 734 1399 1108">
     <span class='ocr_line' id='line_1_60' title="bbox 910 734 1390 775; baseline -0.002 -8"><span class='ocrx_word' id='word_1_149' title='bbox 910 735 964 767; x_wconf 84' lang='lat'><strong>39.</strong></span> <span class='ocrx_word' id='word_1_150' title='bbox 992 734 1161 773; x_wconf 79' lang='lat' dir='ltr'>Nunquam</span> <span class='ocrx_word' id='word_1_151' title='bbox 1187 735 1260 766; x_wconf 81' lang='lat' dir='ltr'>talis</span> <span class='ocrx_word' id='word_1_152' title='bbox 1287 735 1390 775; x_wconf 87' lang='lat' dir='ltr'>potuit</span> 
     </span>
     <span class='ocr_line' id='line_1_61' title="bbox 1038 781 1315 821; baseline 0.007 -9"><span class='ocrx_word' id='word_1_153' title='bbox 1038 781 1107 813; x_wconf 88' lang='lat' dir='ltr'>fieri</span> <span class='ocrx_word' id='word_1_154' title='bbox 1135 783 1315 821; x_wconf 70' lang='lat' dir='ltr'>descensus,</span> 
     </span>
     <span class='ocr_line' id='line_1_62' title="bbox 990 830 1367 869; baseline 0 -8"><span class='ocrx_word' id='word_1_155' title='bbox 990 830 1080 869; x_wconf 84' lang='lat' dir='ltr'>Quod</span> <span class='ocrx_word' id='word_1_156' title='bbox 1107 830 1250 861; x_wconf 85' lang='lat' dir='ltr'>mortalis</span> <span class='ocrx_word' id='word_1_157' title='bbox 1277 830 1367 862; x_wconf 81' lang='lat' dir='ltr'>tieret</span> 
     </span>
     <span class='ocr_line' id='line_1_63' title="bbox 1039 878 1370 917; baseline 0.003 -9"><span class='ocrx_word' id='word_1_158' title='bbox 1039 883 1164 909; x_wconf 85' lang='lat' dir='ltr'>creator</span> <span class='ocrx_word' id='word_1_159' title='bbox 1189 878 1370 917; x_wconf 74' lang='lat' dir='ltr'>immensus,</span> 
     </span>
     <span class='ocr_line' id='line_1_64' title="bbox 991 925 1310 958; baseline -0.006 0"><span class='ocrx_word' id='word_1_160' title='bbox 991 925 1176 958; x_wconf 88' lang='lat' dir='ltr'>Intellectus</span> <span class='ocrx_word' id='word_1_161' title='bbox 1204 926 1310 957; x_wconf 85' lang='lat' dir='ltr'>deficit</span> 
     </span>
     <span class='ocr_line' id='line_1_65' title="bbox 1037 973 1358 1012; baseline 0 -8"><span class='ocrx_word' id='word_1_162' title='bbox 1037 977 1067 1004; x_wconf 92' lang='lat' dir='ltr'>et</span> <span class='ocrx_word' id='word_1_163' title='bbox 1095 973 1211 1004; x_wconf 83' lang='lat' dir='ltr'>delirat</span> <span class='ocrx_word' id='word_1_164' title='bbox 1237 983 1358 1012; x_wconf 69' lang='lat' dir='ltr'>sensus,</span> 
     </span>
     <span class='ocr_line' id='line_1_66' title="bbox 990 1021 1399 1060; baseline -0.002 -7"><span class='ocrx_word' id='word_1_165' title='bbox 990 1021 1035 1053; x_wconf 89' lang='lat' dir='ltr'>Ut</span> <span class='ocrx_word' id='word_1_166' title='bbox 1061 1027 1194 1052; x_wconf 85' lang='lat' dir='ltr'>mortem</span> <span class='ocrx_word' id='word_1_167' title='bbox 1222 1022 1399 1060; x_wconf 86' lang='lat' dir='ltr'>susciperet</span> 
     </span>
     <span class='ocr_line' id='line_1_67' title="bbox 1036 1069 1398 1108; baseline 0.006 -9"><span class='ocrx_word' id='word_1_168' title='bbox 1036 1069 1069 1099; x_wconf 88' lang='lat' dir='ltr'>in</span> <span class='ocrx_word' id='word_1_169' title='bbox 1097 1077 1189 1100; x_wconf 89' lang='lat' dir='ltr'>cruce</span> <span class='ocrx_word' id='word_1_170' title='bbox 1216 1078 1398 1108; x_wconf 85' lang='lat' dir='ltr'>suspensus.</span> 
     </span>
    </p>
   </div>
   <div class='ocr_carea' id='block_1_19' title="bbox 1109 1144 1304 1171">
    <p class='ocr_par' dir='ltr' id='par_1_19' title="bbox 1109 1144 1304 1171">
     <span class='ocr_line' id='line_1_68' title="bbox 1109 1144 1304 1171; baseline -0.01 0"><span class='ocrx_word' id='word_1_171' title='bbox 1109 1144 1304 1171; x_wconf 66' lang='lat' dir='ltr'>Nicolaus.</span> 
     </span>
    </p>
   </div>
   <div class='ocr_carea' id='block_1_20' title="bbox 904 1202 1424 1577">
    <p class='ocr_par' dir='ltr' id='par_1_20' title="bbox 904 1202 1424 1577">
     <span class='ocr_line' id='line_1_69' title="bbox 904 1202 1364 1235; baseline -0.007 0"><span class='ocrx_word' id='word_1_172' title='bbox 904 1203 961 1235; x_wconf 89' lang='lat'>40.</span> <span class='ocrx_word' id='word_1_173' title='bbox 990 1202 1056 1233; x_wconf 86' lang='lat' dir='ltr'>Ista</span> <span class='ocrx_word' id='word_1_174' title='bbox 1082 1208 1224 1233; x_wconf 84' lang='lat' dir='ltr'>monstro</span> <span class='ocrx_word' id='word_1_175' title='bbox 1251 1202 1364 1233; x_wconf 90' lang='lat' dir='ltr'>similis</span> 
     </span>
     <span class='ocr_line' id='line_1_70' title="bbox 1036 1250 1346 1291; baseline 0.006 -12"><span class='ocrx_word' id='word_1_176' title='bbox 1036 1250 1163 1281; x_wconf 84' lang='lat' dir='ltr'>videtur</span> <span class='ocrx_word' id='word_1_177' title='bbox 1191 1251 1346 1291; x_wconf 81' lang='lat' dir='ltr'>doctriua,</span> 
     </span>
     <span class='ocr_line' id='line_1_71' title="bbox 987 1297 1367 1337; baseline -0.003 -8"><span class='ocrx_word' id='word_1_178' title='bbox 987 1297 1036 1329; x_wconf 91' lang='lat' dir='ltr'>De</span> <span class='ocrx_word' id='word_1_179' title='bbox 1059 1297 1220 1337; x_wconf 83' lang='lat' dir='ltr'>gigantum</span> <span class='ocrx_word' id='word_1_180' title='bbox 1248 1297 1367 1334; x_wconf 77' lang='lat' dir='ltr'>fabula,</span> 
     </span>
     <span class='ocr_line' id='line_1_72' title="bbox 1035 1346 1370 1384; baseline 0 -8"><span class='ocrx_word' id='word_1_181' title='bbox 1035 1354 1097 1376; x_wconf 92' lang='lat' dir='ltr'>non</span> <span class='ocrx_word' id='word_1_182' title='bbox 1125 1347 1164 1377; x_wconf 87' lang='lat' dir='ltr'>de</span> <span class='ocrx_word' id='word_1_183' title='bbox 1190 1355 1224 1377; x_wconf 92' lang='lat' dir='ltr'>re</span> <span class='ocrx_word' id='word_1_184' title='bbox 1252 1346 1370 1384; x_wconf 76' lang='lat' dir='ltr'>divina,</span> 
     </span>
     <span class='ocr_line' id='line_1_73' title="bbox 987 1393 1422 1431; baseline 0 -7"><span class='ocrx_word' id='word_1_185' title='bbox 987 1393 1077 1431; x_wconf 85' lang='lat' dir='ltr'>Quod</span> <span class='ocrx_word' id='word_1_186' title='bbox 1104 1403 1154 1424; x_wconf 88' lang='lat' dir='ltr'>res</span> <span class='ocrx_word' id='word_1_187' title='bbox 1182 1394 1265 1424; x_wconf 82' lang='lat' dir='ltr'>trina</span> <span class='ocrx_word' id='word_1_188' title='bbox 1291 1403 1353 1424; x_wconf 89' lang='lat' dir='ltr'>una</span> <span class='ocrx_word' id='word_1_189' title='bbox 1380 1393 1422 1424; x_wconf 88' lang='lat' dir='ltr'>sit</span> 
     </span>
     <span class='ocr_line' id='line_1_74' title="bbox 1037 1441 1356 1478; baseline 0.003 -7"><span class='ocrx_word' id='word_1_190' title='bbox 1037 1445 1068 1471; x_wconf 88' lang='lat' dir='ltr'>et</span> <span class='ocrx_word' id='word_1_191' title='bbox 1095 1450 1146 1473; x_wconf 86' lang='lat' dir='ltr'>res</span> <span class='ocrx_word' id='word_1_192' title='bbox 1172 1452 1235 1473; x_wconf 89' lang='lat' dir='ltr'>una</span> <span class='ocrx_word' id='word_1_193' title='bbox 1260 1441 1356 1478; x_wconf 80' lang='lat' dir='ltr'>trina,</span> 
     </span>
     <span class='ocr_line' id='line_1_75' title="bbox 988 1488 1398 1528; baseline 0 -9"><span class='ocrx_word' id='word_1_194' title='bbox 988 1488 1131 1528; x_wconf 83' lang='lat' dir='ltr'>Fingunt</span> <span class='ocrx_word' id='word_1_195' title='bbox 1158 1490 1216 1521; x_wconf 89' lang='lat' dir='ltr'>hoc</span> <span class='ocrx_word' id='word_1_196' title='bbox 1244 1488 1398 1522; x_wconf 81' lang='lat' dir='ltr'>haeretici</span> 
     </span>
     <span class='ocr_line' id='line_1_76' title="bbox 1037 1537 1424 1577; baseline 0.003 -10"><span class='ocrx_word' id='word_1_197' title='bbox 1037 1537 1098 1576; x_wconf 79' lang='lat' dir='ltr'>vel,</span> <span class='ocrx_word' id='word_1_198' title='bbox 1126 1538 1179 1577; x_wconf 90' lang='lat' dir='ltr'>qui</span> <span class='ocrx_word' id='word_1_199' title='bbox 1204 1542 1314 1577; x_wconf 86' lang='lat' dir='ltr'>potant</span> <span class='ocrx_word' id='word_1_200' title='bbox 1343 1538 1424 1569; x_wconf 86' lang='lat' dir='ltr'>vina.</span> 
     </span>
    </p>
   </div>
   <div class='ocr_carea' id='block_1_21' title="bbox 1079 1613 1338 1640">
    <p class='ocr_par' dir='ltr' id='par_1_21' title="bbox 1079 1613 1338 1640">
     <span class='ocr_line' id='line_1_77' title="bbox 1079 1613 1338 1640; baseline 0 0"><span class='ocrx_word' id='word_1_201' title='bbox 1079 1613 1338 1640; x_wconf 80' lang='lat' dir='ltr'>Manichaeus.</span> 
     </span>
    </p>
   </div>
   <div class='ocr_carea' id='block_1_22' title="bbox 904 1671 1441 2042">
    <p class='ocr_par' dir='ltr' id='par_1_22' title="bbox 904 1671 1314 1712">
     <span class='ocr_line' id='line_1_78' title="bbox 904 1671 1314 1712; baseline 0 -8"><span class='ocrx_word' id='word_1_202' title='bbox 904 1671 961 1704; x_wconf 84' lang='lat'><strong>41.</strong></span> <span class='ocrx_word' id='word_1_203' title='bbox 987 1672 1045 1712; x_wconf 85' lang='lat' dir='ltr'>Qui</span> <span class='ocrx_word' id='word_1_204' title='bbox 1073 1680 1183 1704; x_wconf 85' lang='lat' dir='ltr'>creare</span> <span class='ocrx_word' id='word_1_205' title='bbox 1210 1673 1314 1712; x_wconf 87' lang='lat' dir='ltr'>potuit</span> 
     </span>
    </p>

    <p class='ocr_par' dir='ltr' id='par_1_23' title="bbox 1038 1721 1376 1760">
     <span class='ocr_line' id='line_1_79' title="bbox 1038 1721 1376 1760; baseline 0.003 -9"><span class='ocrx_word' id='word_1_206' title='bbox 1038 1726 1152 1753; x_wconf 85' lang='lat' dir='ltr'>cuncta</span> <span class='ocrx_word' id='word_1_207' title='bbox 1178 1731 1235 1752; x_wconf 88' lang='lat' dir='ltr'>nec</span> <span class='ocrx_word' id='word_1_208' title='bbox 1261 1721 1376 1760; x_wconf 74' lang='lat' dir='ltr'>creari,</span> 
     </span>
    </p>

    <p class='ocr_par' dir='ltr' id='par_1_24' title="bbox 988 1768 1398 1855">
     <span class='ocr_line' id='line_1_80' title="bbox 988 1768 1398 1807; baseline 0 -7"><span class='ocrx_word' id='word_1_209' title='bbox 988 1768 1063 1806; x_wconf 87' lang='lat' dir='ltr'>Suo,</span> <span class='ocrx_word' id='word_1_210' title='bbox 1091 1778 1152 1807; x_wconf 89' lang='lat' dir='ltr'>quo</span> <span class='ocrx_word' id='word_1_211' title='bbox 1179 1770 1256 1805; x_wconf 81' lang='lat' dir='ltr'>vult,</span> <span class='ocrx_word' id='word_1_212' title='bbox 1285 1770 1398 1801; x_wconf 87' lang='lat' dir='ltr'>ordine</span> 
     </span>
     <span class='ocr_line' id='line_1_81' title="bbox 1035 1815 1304 1855; baseline 0.004 -8"><span class='ocrx_word' id='word_1_213' title='bbox 1035 1815 1123 1848; x_wconf 90' lang='lat' dir='ltr'>iubet</span> <span class='ocrx_word' id='word_1_214' title='bbox 1149 1817 1304 1855; x_wconf 71' lang='lat' dir='ltr'>ordinari,</span> 
     </span>
    </p>

    <p class='ocr_par' dir='ltr' id='par_1_25' title="bbox 987 1865 1441 1953">
     <span class='ocr_line' id='line_1_82' title="bbox 987 1865 1332 1897; baseline 0 -1"><span class='ocrx_word' id='word_1_215' title='bbox 987 1865 1018 1896; x_wconf 87' lang='lat' dir='ltr'>A</span> <span class='ocrx_word' id='word_1_216' title='bbox 1044 1867 1177 1897; x_wconf 85' lang='lat' dir='ltr'>naturae</span> <span class='ocrx_word' id='word_1_217' title='bbox 1204 1866 1332 1896; x_wconf 83' lang='lat' dir='ltr'>tramite</span> 
     </span>
     <span class='ocr_line' id='line_1_83' title="bbox 1036 1912 1441 1953; baseline 0.005 -11"><span class='ocrx_word' id='word_1_218' title='bbox 1036 1912 1081 1943; x_wconf 93' lang='lat' dir='ltr'>nil</span> <span class='ocrx_word' id='word_1_219' title='bbox 1108 1923 1239 1953; x_wconf 88' lang='lat' dir='ltr'>prorsus</span> <span class='ocrx_word' id='word_1_220' title='bbox 1265 1913 1441 1951; x_wconf 87' lang='lat' dir='ltr'>maechari,</span> 
     </span>
    </p>

    <p class='ocr_par' dir='ltr' id='par_1_26' title="bbox 990 1960 1403 2042">
     <span class='ocr_line' id='line_1_84' title="bbox 990 1960 1379 2002; baseline 0.005 -11"><span class='ocrx_word' id='word_1_221' title='bbox 990 1960 1152 2000; x_wconf 90' lang='lat' dir='ltr'>Numquid</span> <span class='ocrx_word' id='word_1_222' title='bbox 1179 1963 1248 2002; x_wconf 87' lang='lat' dir='ltr'>ipse</span> <span class='ocrx_word' id='word_1_223' title='bbox 1275 1961 1379 2001; x_wconf 88' lang='lat' dir='ltr'>potuit</span> 
     </span>
     <span class='ocr_line' id='line_1_85' title="bbox 1036 2009 1403 2042; baseline 0.005 -3"><span class='ocrx_word' id='word_1_224' title='bbox 1036 2009 1129 2041; x_wconf 91' lang='lat' dir='ltr'>homo</span> <span class='ocrx_word' id='word_1_225' title='bbox 1154 2009 1403 2042; x_wconf 77' lang='lat' dir='ltr'>transformari?</span> 
     </span>
    </p>
   </div>
   <div class='ocr_carea' id='block_1_23' title="bbox 904 2075 1439 2450">
    <p class='ocr_par' dir='ltr' id='par_1_27' title="bbox 904 2075 1439 2450">
     <span class='ocr_line' id='line_1_86' title="bbox 904 2075 1339 2116; baseline -0.002 -7"><span class='ocrx_word' id='word_1_226' title='bbox 904 2077 961 2110; x_wconf 87' lang='lat'><strong>42.</strong></span> <span class='ocrx_word' id='word_1_227' title='bbox 989 2075 1042 2108; x_wconf 84' lang='lat' dir='ltr'>Sic</span> <span class='ocrx_word' id='word_1_228' title='bbox 1067 2086 1232 2116; x_wconf 85' lang='lat' dir='ltr'>opponens</span> <span class='ocrx_word' id='word_1_229' title='bbox 1258 2078 1339 2108; x_wconf 81' lang='lat' dir='ltr'>ratio</span> 
     </span>
     <span class='ocr_line' id='line_1_87' title="bbox 1036 2125 1339 2164; baseline 0.003 -9"><span class='ocrx_word' id='word_1_230' title='bbox 1036 2125 1135 2164; x_wconf 85' lang='lat' dir='ltr'>magis</span> <span class='ocrx_word' id='word_1_231' title='bbox 1161 2125 1339 2162; x_wconf 79' lang='lat' dir='ltr'>insistebat,</span> 
     </span>
     <span class='ocr_line' id='line_1_88' title="bbox 934 2172 1385 2206; baseline 0 -1"><span class='ocrx_word' id='word_1_232' title='bbox 934 2184 936 2187; x_wconf 72' lang='grc'>’</span> <span class='ocrx_word' id='word_1_233' title='bbox 987 2172 1040 2205; x_wconf 90' lang='lat' dir='ltr'>Ad</span> <span class='ocrx_word' id='word_1_234' title='bbox 1067 2173 1212 2205; x_wconf 84' lang='lat' dir='ltr'>diversas</span> <span class='ocrx_word' id='word_1_235' title='bbox 1237 2174 1385 2206; x_wconf 83' lang='lat' dir='ltr'>haereses</span> 
     </span>
     <span class='ocr_line' id='line_1_89' title="bbox 1036 2222 1340 2261; baseline 0.01 -10"><span class='ocrx_word' id='word_1_236' title='bbox 1036 2223 1158 2260; x_wconf 84' lang='lat' dir='ltr'>species</span> <span class='ocrx_word' id='word_1_237' title='bbox 1183 2222 1340 2261; x_wconf 85' lang='lat' dir='ltr'>movebat,</span> 
     </span>
     <span class='ocr_line' id='line_1_90' title="bbox 992 2269 1308 2302; baseline 0.003 -1"><span class='ocrx_word' id='word_1_238' title='bbox 992 2269 1140 2301; x_wconf 88' lang='lat' dir='ltr'>Nestoris</span> <span class='ocrx_word' id='word_1_239' title='bbox 1165 2274 1195 2301; x_wconf 90' lang='lat' dir='ltr'>et</span> <span class='ocrx_word' id='word_1_240' title='bbox 1220 2271 1308 2302; x_wconf 86' lang='lat' dir='ltr'>Arrii</span> 
     </span>
     <span class='ocr_line' id='line_1_91' title="bbox 1038 2319 1355 2358; baseline 0.009 -11"><span class='ocrx_word' id='word_1_241' title='bbox 1038 2321 1146 2357; x_wconf 87' lang='lat' dir='ltr'>partes</span> <span class='ocrx_word' id='word_1_242' title='bbox 1172 2319 1355 2358; x_wconf 82' lang='lat' dir='ltr'>inducebat,</span> 
     </span>
     <span class='ocr_line' id='line_1_92' title="bbox 989 2365 1439 2408; baseline 0.007 -11"><span class='ocrx_word' id='word_1_243' title='bbox 989 2365 1053 2398; x_wconf 90' lang='lat' dir='ltr'>Sed</span> <span class='ocrx_word' id='word_1_244' title='bbox 1079 2365 1160 2398; x_wconf 84' lang='lat' dir='ltr'>fides</span> <span class='ocrx_word' id='word_1_245' title='bbox 1185 2367 1264 2399; x_wconf 86' lang='lat' dir='ltr'>haec</span> <span class='ocrx_word' id='word_1_246' title='bbox 1291 2367 1439 2408; x_wconf 83' lang='lat' dir='ltr'>dogmata</span> 
     </span>
     <span class='ocr_line' id='line_1_93' title="bbox 1036 2414 1372 2450; baseline 0.009 -4"><span class='ocrx_word' id='word_1_247' title='bbox 1036 2414 1122 2446; x_wconf 87' lang='lat' dir='ltr'>ultra</span> <span class='ocrx_word' id='word_1_248' title='bbox 1148 2425 1210 2448; x_wconf 88' lang='lat' dir='ltr'>non</span> <span class='ocrx_word' id='word_1_249' title='bbox 1237 2415 1372 2450; x_wconf 83' lang='lat' dir='ltr'>ferebat.</span> 
     </span>
    </p>
   </div>
  </div>
 </body>
</html>
