1651 2680
93 219 126 252 3.
152 217 340 250 Naturalem
368 221 480 250 contra
503 227 624 250 morem

153 265 311 305 Peperisti
337 265 524 306 genitorem,

203 313 309 355 virge,
336 317 448 352 mater,
474 313 560 355 filia3

152 362 240 395 Tuae
264 362 370 394 laudis
396 361 437 393 ad
464 362 614 394 honorem

152 410 207 443 Me
232 413 403 450 praesenta
429 410 607 442 debitorem

200 458 289 490 Patri
316 467 385 490 cum
413 456 546 491 familia.

96 527 127 559 4.
154 525 202 558 Tu
226 526 266 557 de
290 530 387 565 partu
412 525 497 557 laeta
522 526 579 556 tali

152 573 234 606 Mihi
260 573 330 605 luce
355 573 399 605 sis
425 572 513 605 finali

200 621 293 653 Salus
319 625 351 652 et
375 621 539 662 solacium,

153 669 203 702 Ne
228 670 286 700 siin
312 669 385 709 igne
410 669 578 708 gehennali

153 717 215 750 Pro
242 720 330 749 reatu
357 715 513 748 criminali

201 765 302 797 Datus
328 765 370 796 ad
396 765 599 805 supplicium.

98 837 130 868 5,
155 833 294 865 Mentem
321 836 407 864 tuam
435 833 635 864 conturbavit

154 880 195 913 Et
222 881 362 912 dolorem
390 881 576 921 provocavit

202 930 342 969 Sequens
367 928 432 960 nati
458 928 575 970 passio,

156 977 201 1009 Te
226 980 299 1017 post
323 980 456 1008 mortem
484 975 678 1009 confortavit

155 1024 197 1058 Et
223 1028 293 1064 post
319 1024 435 1056 laetam
462 1024 654 1057 restauravit

200 1072 278 1104 Eius
304 1073 506 1106 resurrectio.

98 1141 129 1174 6.
156 1139 252 1179 Virgo
277 1139 371 1180 plena
398 1139 528 1179 pietate,

154 1188 352 1229 Resurgente
374 1188 518 1220 novitate

206 1236 302 1267 Laeta
329 1245 378 1267 me
402 1235 553 1274 laetifica,

153 1284 208 1317 Me
230 1293 417 1324 oppressum
444 1284 605 1324 gravitate

157 1331 206 1364 Ne
233 1332 344 1373 repelli
371 1332 456 1363 sinas
481 1343 499 1364 a
528 1336 569 1369 te,

204 1379 266 1412 Sed
294 1387 326 1411 tu
351 1389 401 1412 me
427 1380 581 1414 salvifica.

160 1446 279 1475 Collect.
301 1455 352 1473 ms.
375 1447 404 1474 S.
427 1447 527 1474 Iacobi
550 1448 579 1473 in
603 1447 705 1474 Insula
726 1447 881 1475 Leodisen.
897 1456 957 1474 aee.
975 1445 1051 1473 ¹³5⁴.

710 121 778 158 133
825 140 873 148 —

805 221 834 253 7.
861 219 1015 251 Elevatus
1042 219 1246 259 ascendebat,

863 266 1098 298 Ascendentem
1125 268 1323 300 subvehebat

913 314 1023 347 Nubes
1049 324 1147 354 supra
1170 316 1295 355 sidera;

865 364 964 394 Astra
990 366 1101 394 tenens
1127 363 1264 404 eligebat

868 410 981 442 Sedem
1010 410 1147 450 dignam,
1179 420 1241 450 qua
1267 411 1406 443 sedebat

917 458 1020 490 Patris
1048 458 1107 490 Dei
1135 459 1277 492 dextera.

810 527 841 560 8.
871 526 1007 565 Propter
1033 526 1099 556 eius
1126 527 1287 557 elevamen

867 573 938 604 Tibi
966 578 1035 604 erat
1060 574 1261 605 consolamen

914 622 983 653 Tua
1008 625 1081 660 post
1106 623 1309 661 gravamina,

868 670 904 700 In
930 670 1079 701 extremis
1106 670 1294 702 adiuvamen

867 717 907 749 Et
937 717 1046 749 ruinae
1074 718 1253 749 relevamen

916 766 995 797 Esto
1022 766 1106 801 milti,
1137 766 1275 798 domina.

807 835 836 866 9.
863 834 981 872 Quinta
1007 833 1074 864 vice
1101 833 1287 875 laetabaris,

867 881 948 912 Dum
974 881 1005 912 iu
1034 881 1153 912 caelum
1179 881 1350 919 levabatis,

914 929 994 968 Spes
1021 929 1133 961 salutis
1160 930 1330 963 hominum.

867 981 1005 1016 Quorum
1034 986 1147 1008 noxam
1175 978 1369 1010 recordaris.

870 1025 933 1056 Sed
960 1034 1018 1064 pro
1044 1025 1158 1065 quibus
1186 1025 1370 1064 depromta

920 1075 1120 1104 incessanter
1147 1073 1326 1105 Dominum.

788 1142 840 1173 10.
869 1141 894 1173 O
921 1140 1045 1171 medela
1072 1150 1173 1171 noxae
1201 1141 1300 1179 dirae,

869 1189 952 1220 Mihi
977 1188 1057 1219 velis
1083 1188 1253 1219 subvenire

918 1237 1033 1268 Mortis
1059 1237 1091 1267 in
1115 1237 1239 1270 itinere,

868 1285 911 1315 Et
937 1294 1005 1315 cum
1034 1285 1101 1316 dies
1129 1285 1186 1316 erit
1216 1286 1292 1321 irae,

870 1333 969 1372 Quam
996 1334 1065 1372 quis
1089 1334 1194 1372 nequit
1216 1334 1404 1372 praetenso,

919 1381 992 1412 Noli
1019 1391 1068 1412 me
1095 1382 1285 1421 relinquere,

1096 1448 1165 1473 (Ἀπί.
1191 1447 1409 1476 Darmstadien.

87 1483 168 1512 2777.
191 1485 255 1512 add.
277 1493 351 1512 saec.
374 1483 447 1512 ¹³l14.
471 1502 505 1505 —
531 1483 573 1517 10,
595 1485 613 1513 4
635 1485 675 1513 Ut
695 1495 760 1513 curu
783 1486 854 1513 dies.

506 1608 553 1640 89.
595 1609 635 1640 De
656 1608 698 1639 IX
722 1608 852 1640 Raudiis
876 1608 963 1639 Bitv.

102 1689 130 1721 1.
158 1688 280 1729 Gaude,
309 1689 396 1721 cuius
422 1694 547 1721 uterum

204 1737 354 1770 decenter
381 1739 507 1770 ornavit

154 1785 197 1817 Et
219 1786 261 1817 ad
289 1794 369 1826 opus
394 1787 560 1826 proprium

201 1833 261 1866 sibi
288 1834 449 1874 coaptavit

155 1881 242 1914 Caeli
268 1891 324 1914 rex
350 1887 381 1914 et
408 1883 553 1916 dominus

201 1934 242 1970 et,
269 1931 321 1972 qui
344 1934 376 1963 te
402 1932 535 1972 creavit,

153 1979 253 2011 Totus
278 1988 391 2011 novem
415 1980 576 2012 mensibus

198 2027 231 2059 in
255 2031 286 2059 te
313 2029 506 2069 repausavit.

94 2095 126 2128 2.
153 2094 253 2127 Stella
280 2096 347 2128 sole
375 2096 502 2136 clarior,

197 2144 312 2184 gaude,
339 2145 433 2176 stella
461 2145 571 2188 mariS,

151 2192 201 2225 Ex
226 2195 257 2223 te
283 2192 389 2224 clarus
415 2193 494 2225 exiit
531 2218 533 2220 .

198 2241 308 2273 radius
332 2241 465 2281 solaris;

154 2289 332 2329 Singularis
357 2289 478 2330 gloriae

201 2338 285 2370 dono
310 2337 469 2378 gloriaris,

149 2386 234 2420 Dum
259 2385 358 2419 solem
383 2386 537 2426 iustitiae,

195 2435 288 2476 virgo
313 2442 426 2477 mater,
454 2437 553 2476 paris.

813 1692 847 1724 3.
868 1691 1018 1723 Pastores
1045 1691 1225 1723 accelerant

919 1738 1107 1771 Bethlehem
1133 1739 1314 1779 tendentes,

874 1786 1023 1825 Verbum,
1050 1788 1134 1828 quod
1161 1788 1341 1825 audierant,

921 1834 1039 1867 factum
1067 1836 1284 1875 requirentes:

872 1884 1035 1922 Quaerunt
1061 1890 1090 1916 et
1117 1884 1281 1916 inveniunt

920 1937 951 1964 et
977 1932 1175 1964 invenientes

872 1980 919 2011 Te
945 1981 1084 2022 gaudere
1110 1980 1243 2014 faciunt.

920 2029 977 2060 tibi
1005 2030 1253 2070 congaudentes.

811 2099 844 2130 4.
870 2095 924 2128 Sic
950 2101 981 2128 et
1007 2098 1089 2137 magi
1117 2097 1157 2128 de
1182 2098 1275 2137 long(=

918 2145 1047 2177 veniunt
1074 2145 1234 2177 dieentes:

869 2193 933 2226 Ubi
959 2197 1018 2230 est,
1044 2192 1098 2233 qui
1124 2197 1216 2226 natus
1243 2197 1315 2226 est?

916 2242 956 2273 ad
985 2251 1076 2281 quem
1105 2243 1267 2274 venientes

867 2290 1015 2322 Adorant
1042 2293 1074 2321 et
1099 2289 1234 2322 offerunt

917 2338 1002 2370 dona
1027 2337 1249 2378 procidentes;

868 2385 968 2418 Laeta
994 2395 1102 2426 magos
1128 2387 1246 2427 aspicis

914 2435 978 2467 ista
1005 2433 1170 2468 facientes.
