1651 2680
731 62 967 99 -44-.

205 159 261 192 39.
289 158 339 190 Da
365 158 456 190 nobis
482 166 540 197 pro
566 161 621 190 tua
645 162 747 190 morte

334 210 443 237 nostra
469 205 527 236 tibi
553 205 690 243 solvere,

289 253 332 286 Ut
356 253 598 284 commorientes
623 252 715 284 simul

334 300 492 338 possimus
519 299 696 339 convivere,

287 348 498 379 Occurrentes
524 346 556 378 in
583 355 762 379 mensuram

333 397 406 425 tuae
431 393 652 434 plenitudinis,

287 442 417 472 Decreti
444 441 622 473 divinitatis

333 494 362 519 et
390 489 606 520 beatitudinis.

889 161 946 193 40.

974 159 1146 192 consortes
1171 167 1229 190 nos
1254 153 1426 189 suscitabis

1020 209 1051 238 et
1076 206 1108 237 in
1135 205 1237 246 patris
1264 204 1398 235 dextera

975 254 1044 293 lugi
1069 257 1143 285 tuae
1167 261 1225 284 nos
1248 250 1379 282 visionis

1019 300 1152 333 satiabis
1178 300 1300 340 gloria:

972 348 1041 380 Tuo
1067 355 1195 388 semper
1219 347 1282 385 hic,
1308 344 1426 382 ubique

1019 394 1248 436 perfungamur
1273 392 1370 431 exitu,

971 443 1030 481 Qui
1062 452 1131 474 cum
1158 445 1251 480 patre
1277 447 1391 479 regnas
1417 437 1508 469 Deus

1019 495 1051 522 et
1077 499 1147 520 cum
1173 492 1284 520 sancto
1310 485 1438 526 spiritu.

268 566 348 592 Orat.
381 574 431 591 nis.
467 565 623 592 Caelestia.
656 564 684 590 S.
713 563 827 591 Mariae
857 563 893 591 de
919 565 1052 593 Parisius
1084 574 1158 592 saec.
1194 562 1236 590 15.
1265 561 1335 588 Cod.
1365 560 1509 589 Mazariu.

187 601 263 630 3897
283 603 367 635 1605).
389 619 424 622 —
446 601 491 635 34,
513 602 530 630 4
554 604 684 629 noscent.

185 743 232 773 28.
280 743 457 781 Sequuntur
484 741 621 780 triginta
649 744 716 772 tres
743 741 957 773 salutationes
986 743 1024 773 ad
1047 743 1206 774 Christum
1232 740 1401 772 seeundum
1429 739 1509 780 quod

516 789 653 827 triginta
675 789 780 820 tribus
802 788 893 820 annis
915 790 998 821 vixit
1020 791 1050 822 in
1073 792 1172 822 terra.

227 870 257 902 1.
286 873 365 908 Ave,
394 871 475 908 lesu,
504 875 534 901 te
562 870 703 902 colimus.

283 918 466 950 Adorantes
493 923 524 948 te
550 918 698 957 petimus,

284 966 339 1005 Ut,
367 974 446 1005 quae
472 966 510 996 de
537 969 568 995 te
595 965 773 1006 recolimus,

283 1017 452 1053 Acceptes,
481 1024 536 1044 rex
563 1012 737 1053 piissimus.

221 1101 253 1133 2.
282 1102 361 1137 Ave,
390 1101 472 1135 Iesu,
501 1109 556 1130 rex
583 1099 732 1139 omnium,

282 1149 448 1180 Scrutator
473 1148 555 1178 alme
582 1147 738 1185 cordium,

282 1195 411 1228 Infirma
438 1200 471 1226 tu
496 1197 558 1227 scis
586 1196 710 1230 virium,

280 1243 381 1276 Nobis
408 1245 451 1275 sis
477 1244 508 1274 in
535 1244 697 1276 auxilium.

222 1333 253 1365 3.
280 1332 361 1367 Ave,
390 1332 460 1362 lesu
487 1330 639 1369 piissime,

279 1381 360 1417 Ave,
388 1388 443 1410 rex
469 1378 725 1417 clementissime,

277 1427 363 1458 Audi
389 1434 500 1465 preces
527 1426 725 1457 miserrimae

278 1475 319 1506 Et
348 1474 538 1513 peccatricis
564 1474 700 1505 animae.

217 1555 248 1586 4.
277 1554 356 1591 Ave,
386 1552 467 1588 Iesu,
497 1549 566 1582 fons
593 1550 720 1581 luminis

276 1600 321 1631 Es
348 1602 377 1629 et
404 1598 505 1630 omnis
533 1598 722 1638 dulcedinis,

277 1649 400 1685 Corpus
426 1645 553 1677 intrasti
581 1646 712 1687 virginis

277 1695 433 1726 Naturam
461 1703 588 1724 sumens
614 1694 761 1725 hominis.

217 1776 247 1806 5.
276 1773 355 1803 Ave.
383 1770 466 1810 Iesu,
495 1771 544 1800 cui
571 1770 678 1801 sidera

278 1819 469 1851 Deserviunt
496 1822 526 1849 et
554 1817 694 1858 aethera,

278 1868 323 1899 Te
349 1866 433 1897 intra
460 1875 515 1897 sua
543 1865 666 1896 viscera

276 1914 396 1947 Clausit
424 1914 513 1953 virgo
539 1921 708 1953 puerpera.

212 1994 247 2025 6.
275 1992 355 2027 Ave,
382 1991 466 2028 Iesu,
493 1990 533 2021 de
560 1990 682 2029 virgine

274 2038 350 2070 Sine
376 2037 460 2068 virili
485 2037 603 2068 semine

272 2086 375 2117 Natus
402 2084 501 2123 fuisti,
528 2085 674 2123 Domine,

274 2133 349 2165 Sine
374 2132 459 2164 omni
484 2133 677 2172 gravamine.

215 2212 246 2244 7.
272 2211 354 2249 Ave,
379 2209 462 2250 Iesu,
489 2209 673 2250 pastoribus

271 2258 425 2291 ostensus
451 2265 489 2288 ex
516 2257 705 2288 caelestibus

272 2305 376 2337 Fuisti
401 2304 659 2337 collaudantibus

270 2352 435 2394 Angelicis
461 2352 638 2392 spiritibus.

914 870 945 902 8.

889 1331 944 1364 10.

884 1552 940 1584 11.

884 1772 937 1803 12.

883 1992 937 2026 13.

879 2210 935 2243 14.

971 870 1053 911 Ave,
1081 871 1162 912 Iesu,
1191 878 1283 910 quem
1310 869 1461 902 viderunt

972 917 1059 958 Magi
1087 922 1116 948 et
1143 917 1370 957 adoraverunt,

974 965 1175 1005 Muneraque
1201 965 1385 998 obtulerunt

974 1012 1017 1044 Et
1043 1013 1218 1054 gaudentes
1245 1013 1419 1046 redierunt.

940 1125 945 1131 .
972 1100 1053 1136 Ave,
1081 1100 1164 1141 Iesu,
1192 1109 1285 1140 quem
1310 1100 1440 1132 lactavit

975 1147 1074 1188 Virgo
1100 1153 1202 1180 mater
1227 1153 1323 1188 atque
1349 1149 1448 1189 pavit,

975 1196 1011 1226 ln
1038 1196 1158 1236 templo
1183 1200 1214 1227 te
1240 1198 1457 1236 praesentavit

973 1243 1125 1284 Implens,
1153 1245 1238 1285 quod
1256 1245 1308 1276 lex
1325 1245 1505 1285 imperavit.

970 1333 1051 1368 Ave,
1080 1331 1162 1370 Iesu,
1189 1332 1243 1370 qui
1269 1331 1414 1363 omnibus

971 1380 1078 1419 Prope
1104 1388 1137 1411 es
1163 1379 1385 1411 invocantibus

970 1427 1146 1467 Dulcisque
1171 1431 1203 1458 te
1229 1427 1467 1468 quaerentibus,

970 1475 1033 1507 Sed
1059 1475 1132 1518 plus
1156 1476 1403 1510 invenientibus

966 1553 1047 1594 Ave,
1076 1552 1158 1590 Iesu,
1186 1553 1240 1592 qui
1265 1552 1430 1586 doctorum

966 1600 1001 1631 In
1030 1600 1135 1631 medio
1162 1600 1275 1633 doctor
1300 1601 1411 1634 horum

966 1648 1118 1680 Inventus
1145 1658 1188 1687 es,
1217 1659 1274 1681 nos
1299 1654 1425 1682 tuorum

967 1695 1038 1726 Due
1072 1705 1131 1736 per
1156 1697 1239 1729 viam
1264 1699 1502 1731 mandatorum.

966 1773 1046 1811 Ave,
1075 1773 1159 1812 Iesu,
1185 1775 1240 1813 qui
1266 1775 1418 1816 temptari

967 1819 1030 1851 Sed
1057 1829 1255 1862 nequaquam
1282 1825 1428 1864 superari

965 1867 1111 1907 Voluisti,
1140 1871 1235 1902 modo
1262 1873 1333 1911 pari

964 1914 1013 1946 Da
1039 1915 1131 1948 nobis
1157 1923 1189 1949 te
1215 1919 1345 1951 imitari.

965 1994 1045 2035 Ave,
1072 1995 1154 2033 Iesu,
1183 2005 1275 2035 quem
1303 1998 1412 2031 osculo

963 2040 1114 2074 Tradidit
1140 2043 1237 2075 Iudas
1262 2047 1394 2087 populo,

961 2088 1015 2120 Me
1042 2091 1172 2130 pietatis
1197 2093 1290 2124 oculo

963 2135 1066 2169 Cerne
1091 2147 1252 2178 parceque
1277 2141 1401 2175 sedulo.

962 2212 1044 2252 Ave,
1070 2213 1145 2246 Iesu
1171 2213 1297 2247 Christe
1323 2218 1386 2259 pie,

961 2259 1020 2297 Qui
1045 2261 1156 2300 alapas
1182 2261 1214 2293 in
1241 2262 1323 2296 facie

958 2308 1070 2348 sputa,
1096 2309 1197 2341 verba
1221 2309 1442 2351 blasphemiae

961 2355 1078 2388 Passus
1103 2364 1147 2396 es,
1172 2357 1220 2389 sol
1246 2358 1398 2395 iustitiae.

1643 522 1651 563 ΜΛ
1638 378 1651 498 ruffum-a]
1639 343 1651 362 nv
