1651 2680
728 105 975 140 —375-

336 1430 427 1470 Quod
455 1439 562 1461 carum
591 1429 665 1460 boni
692 1429 787 1467 datis,

286 1478 396 1510 Gratis
421 1478 501 1509 nihil
528 1476 645 1517 facitis,

330 1527 402 1558 Hoc
428 1530 477 1557 est
501 1525 683 1557 mirandum
709 1525 797 1558 satis.

247 1629 254 1636 .
279 1604 337 1644 Qui
365 1602 507 1635 favorem
535 1602 674 1634 venditis

328 1653 366 1683 In
391 1652 442 1682 his
467 1655 573 1683 terrae
599 1651 713 1691 pratis,

281 1700 420 1732 Mortem
447 1709 509 1731 non
535 1699 724 1739 attenditis;

331 1749 396 1780 Vae
423 1747 514 1779 vobis
538 1747 711 1787 praelatis!

246 1851 253 1859 .
282 1825 446 1858 Cervicem
476 1824 661 1865 extenditis,

329 1875 437 1906 Frena
464 1872 628 1913 relaxatis,

282 1923 389 1954 Iustos
416 1920 627 1961 vilipenditis,

333 1971 472 2004 Iniustos
498 1969 659 2002 exaltatis.

248 2074 254 2080 .
283 2048 404 2080 Multos
429 2045 680 2087 reprehenditis,

328 2096 394 2127 Vos
420 2103 548 2134 semper
573 2093 742 2135 excusatis,

280 2144 418 2176 Errores
445 2141 632 2180 defenditis,

330 2192 384 2225 Sic
409 2191 595 2223 barathrum
622 2189 762 2221 intratis.

202 2272 258 2305 10.
286 2269 453 2308 Quondam
475 2276 526 2299 me
544 2265 821 2307 persequebantur

329 2317 442 2349 Iudaei
469 2320 502 2348 et
526 2314 654 2357 pagani,

283 2367 424 2406 Quorum
450 2368 541 2397 actus
567 2363 735 2395 imitantur

332 2413 422 2446 Falsi
450 2411 627 2445 christiani.

895 1602 949 1634 17.

893 1823 949 1855 18.

894 2043 948 2076 19.

892 2266 937 2298 20

815 202 904 238 vm.

255 304 263 311 .
291 278 474 318 Prosequor
498 278 724 318 compendiose
898 281 952 314 11.
980 281 1063 312 Meis
1089 291 1212 322 quoque
1237 283 1388 314 uberibus

337 326 424 358 Voce
449 326 629 363 lacrimosa,
1028 329 1121 360 Dulci
1148 331 1230 362 lacte
1254 331 1338 372 pavi,

289 373 522 414 Conquerendo
550 374 698 405 dolorose
980 375 1139 416 Affligunt
1162 388 1211 409 me
1237 378 1422 417 sceleribuS,

338 421 421 453 Tota
447 421 586 454 ruinosa.
1032 425 1093 456 Pro
1118 427 1231 465 quibus
1258 435 1369 466 preces
1395 427 1494 458 stravi

256 523 262 530 .
291 497 345 530 Sal
371 501 478 529 terrae
505 499 658 538 dicimini,
898 502 952 533 12.
981 501 1104 540 sponso
1131 511 1199 534 meo
1225 503 1349 542 iugiter,

336 545 466 578 Subditi
494 547 642 588 praelati,
1027 549 1086 587 Qui
1114 550 1241 581 fuderat
1268 559 1409 581 cruorem

287 593 359 626 Lux
387 594 499 626 mundi
525 595 714 631 scribimini,
979 597 1043 629 Pro
1070 597 1114 627 eis
1141 598 1331 629 mirabiliter

337 642 454 674 Omnes
477 642 610 676 literati.
1028 644 1140 676 Victus
1166 654 1225 684 per
1250 655 1399 684 amorem,

256 747 260 751 .
290 719 324 751 Si
350 720 398 751 sal
424 718 646 759 infatuabitur,
901 722 955 755 13.
983 722 1124 754 Sacratis
1151 723 1334 754 vulneribus

336 768 373 799 In
400 777 463 807 quo
488 768 646 799 salietur?
1030 772 1057 801 A
1086 775 1186 802 morte
1213 780 1290 810 quos
1316 770 1442 807 exemit,

289 815 474 855 Reprobum
502 817 702 859 probabitur,
982 818 1156 849 Ditissimis
1183 818 1364 850 muneribus

337 864 383 896 Ut
408 864 546 903 pedibus
573 865 724 897 calcetur.
1028 865 1079 897 Ab
1105 865 1217 897 inferis
1244 867 1389 900 redemit.

254 965 261 971 .
288 940 382 972 Nova
407 950 535 980 semper
561 942 692 984 cuditis,
899 943 954 975 14.
982 942 1007 973 O
1035 950 1199 973 caecorum
1228 943 1311 974 caeci
1340 943 1446 982 duces,

334 989 453 1020 Vetera
480 990 620 1031 mutatis,
1029 990 1087 1027 Qui
1115 999 1169 1021 vos
1196 989 1403 1029 excusabunt,

287 1038 450 1076 Pauperes
478 1038 660 1078 retunditis,
981 1037 1059 1068 Cnm
1086 1043 1288 1068 accusatores
1314 1042 1420 1068 truces

334 1085 431 1116 Falsa
458 1084 635 1118 fabricatis,
1029 1085 1222 1117 Constanter
1249 1085 1467 1116 accusabunt?

252 1187 259 1193 .
288 1162 325 1193 In
352 1161 442 1192 vobis
469 1165 498 1191 et
523 1162 555 1192 in
582 1161 720 1192 subditis
895 1161 950 1193 15.
979 1161 1041 1191 Vos
1068 1162 1143 1192 estis
1170 1162 1385 1201 peremptorie

335 1208 488 1241 Graviter
513 1210 665 1248 peccatis⁷
1025 1208 1173 1240 Breviter
1199 1210 1330 1249 citandi,

289 1257 411 1289 Latetis
438 1257 470 1288 in
496 1257 625 1298 abditis,
976 1256 1059 1294 Quid
1086 1257 1146 1287 erit
1173 1261 1248 1288 tunc
1274 1258 1444 1289 memoriae

336 1305 469 1337 Minime
496 1305 633 1336 latratis.
1024 1303 1157 1343 Negatis
1183 1314 1271 1336 mora
1297 1303 1397 1339 fandi.

254 1406 260 1412 .
289 1382 358 1414 Deo
384 1383 468 1422 quod
495 1381 705 1418 absconditis,
896 1381 952 1414 16.
982 1380 1156 1418 Ninivitae,
1185 1381 1368 1413 Sodomitae

1028 1427 1144 1460 Levius
1171 1429 1343 1468 habebunt,

980 1475 1056 1508 Cum
1084 1477 1174 1508 vobis
1202 1477 1326 1509 dicetur
1351 1478 1410 1515 Ite,

1027 1524 1117 1555 Tunc
1145 1525 1242 1556 corda
1268 1526 1440 1565 pavebunt.

979 1601 1114 1634 Stabitis
1140 1603 1267 1634 attoniti

1026 1649 1101 1681 Sine
1127 1651 1261 1685 ratione,

974 1698 1067 1730 Prius
1094 1702 1197 1730 tamen
1225 1700 1337 1730 moniti

1024 1746 1101 1778 Cum
1131 1748 1294 1780 dilatione.

976 1823 1030 1854 Nil
1060 1823 1156 1854 datur
1181 1824 1324 1855 ianuario

1024 1871 1081 1901 Vel
1109 1872 1316 1911 prolocutori,

976 1918 1030 1949 Nil
1057 1921 1279 1958 protonotario

1023 1966 1092 1998 Nec
1118 1966 1325 2008 defensatori,

975 2043 1087 2083 Neque
1114 2045 1281 2077 cellerario

1022 2091 1091 2123 Nec
1116 2093 1286 2128 adulatori.

973 2139 1085 2179 Neque
1112 2143 1287 2175 camerario

1023 2187 1092 2219 Nec
1117 2191 1329 2229 procuratori.

942 2293 949 2300 ,
977 2264 1110 2297 Sedebit
1135 2277 1194 2307 pro
1220 2268 1373 2301 tribunali

1025 2313 1091 2344 Leo
1118 2316 1158 2347 de
1183 2316 1270 2348 tribu
1298 2318 1387 2358 luda,

978 2361 1101 2394 Cuncta
1126 2363 1200 2395 boni
1226 2365 1294 2397 sive
1326 2366 1399 2397 mali

1023 2410 1113 2442 Tunc
1139 2413 1293 2452 patebunt
1320 2415 1415 2446 nuda.
