1651 2680
221 217 279 248 3³.
307 215 399 246 Mens
421 214 550 253 corruit,

218 961 278 991 4a.

220 1226 279 1258 5a.

221 1540 282 1572 Ga.

223 1854 280 1887 72.

306 263 388 294 Dum
417 260 544 304 diffluit,

309 311 349 342 Se
373 319 487 341 vanam
515 310 602 341 vanis
627 308 728 340 inficit

308 358 349 389 Et
378 357 495 397 deficit,

307 407 392 444 Quae
418 405 559 445 respicit,

307 454 360 485 Ad
387 453 449 484 ima
475 457 607 484 mortem
634 453 755 492 reperit

308 501 351 532 Et
376 509 480 532 morsa
506 504 606 532 morte
633 500 768 540 deperit.

736 117 996 152 —326—

904 213 966 248 3b.
993 214 1034 246 Se
1057 213 1162 246 reficit

989 262 1033 294 Et
1058 262 1161 302 erigit,

989 310 1049 350 Qui
1075 309 1193 341 munda
1218 309 1354 341 mundus
1380 309 1478 352 eligit,

991 358 1050 397 Qui
1077 357 1244 399 prospicit,

992 405 1165 446 Intellegit,

992 453 1159 485 Immunda
1183 453 1292 484 mundi
1319 452 1455 491 despicit

989 501 1033 532 Et
1059 501 1126 533 vita
1151 501 1249 533 vitam
1276 499 1417 540 contigit.

526 587 584 620 3c.
611 586 694 626 Quid
720 585 856 626 proficit,

306 959 391 998 Ergo
417 959 539 998 respice

305 1007 351 1038 Te
377 1015 434 1037 nec
459 1006 551 1037 infice

308 1054 392 1090 Pice,

304 1102 441 1141 Despice

305 1150 350 1181 Te
377 1149 478 1180 teneri
503 1150 629 1182 rustice.

306 1225 401 1256 Patre
428 1226 564 1262 numine,
899 1225 960 1258 5b.
987 1225 1050 1257 Suo
1076 1226 1229 1265 sanguine

305 1273 410 1304 Matre
437 1273 557 1312 virgine

355 1320 441 1351 Deus
466 1321 557 1351 homo
583 1317 634 1363 [fit
660 1319 818 1362 repente]‚

307 1367 380 1399 Sine
406 1368 524 1398 semine

304 1415 357 1446 Fit
382 1425 440 1454 pro
466 1415 590 1446 homine

354 1462 471 1493 Noster
496 1467 528 1493 et

309 1539 358 1569 Ne
384 1539 426 1569 sis
452 1548 565 1570 vanum
900 1539 964 1572 6b.
991 1540 1016 1572 Ο
1043 1550 1135 1580 quam
1162 1541 1294 1572 stultum

305 1587 381 1620 Vas,
408 1586 439 1617 in
466 1596 591 1624 vanum,

352 1634 463 1670 Fatue,
491 1634 649 1675 laborans,

304 1682 399 1712 Adde
426 1691 561 1719 manum,

306 1729 392 1768 Opus
419 1739 528 1760 sanum

355 1775 474 1810 Sedulo
499 1785 662 1816 perorans.

308 1853 424 1893 Spinae
450 1857 597 1885 crescunt
903 1855 962 1889 7b.
990 1855 1051 1895 Da,
1078 1855 1128 1893 da,
1154 1856 1187 1887 ni
1212 1857 1268 1888 des

308 1901 374 1932 Nec
401 1901 588 1933 decrescunt

353 1949 517 1981 Mentibus
542 1949 657 1989 avaris,

309 1997 350 2028 Ni
377 1998 416 2028 de
441 1997 530 2028 micis

305 2044 369 2075 Des
394 2045 514 2087 amicis,

354 2092 493 2124 Inimicis
520 2092 616 2125 daris.

608 635 668 672 Qui
694 634 808 673 polluit

610 681 660 720 Se,
689 682 754 713 vita
777 681 875 713 vitam
901 681 1019 714 deserit

607 729 651 760 Et
676 730 776 760 esurit

606 777 674 808 Nec
700 777 826 819 saturn,

607 825 666 862 Qui
692 825 802 856 mundi
829 827 941 856 cuncta
968 825 1098 864 colligit,

609 872 642 903 Si
669 882 731 904 nou
758 872 901 904 datorem
928 872 1054 912 diligit?

897 958 960 991 4b.
989 958 1098 990 Gratis
1124 958 1257 998 inspice,

988 1006 1080 1045 Quod
1105 1006 1240 1037 mirifice

987 1053 1102 1093 Spicae

988 1101 1124 1140 Lyricae

989 1149 1106 1189 Stirpis
1133 1154 1181 1180 est
1206 1149 1393 1181 Davidicae.

555 1463 639 1493 salus
664 1463 696 1493 in
722 1467 825 1502 gente.

550 2171 581 2203 8.
608 2169 689 2209 Quid
716 2172 830 2210 tumes,
855 2177 912 2201 vas
938 2168 1061 2211 fragile,

656 2217 739 2256 Quid
764 2220 829 2248 tam
853 2217 1022 2258 impleris?

609 2266 675 2305 Quo
701 2268 733 2296 te
758 2263 836 2304 fers,
862 2265 1030 2305 perlabile‚

659 2312 743 2352 Quid
767 2316 857 2344 tanto
881 2313 1032 2353 quaeris?

612 2360 742 2401 Signum
767 2360 828 2392 hoc
851 2369 914 2392 non
939 2361 1064 2403 stabile,

658 2409 724 2440 Iam
750 2418 813 2441 non
838 2408 891 2440 hic
916 2409 989 2443 eriS.

989 1273 1055 1304 Nos
1082 1283 1100 1304 a
1127 1274 1259 1305 crimine

1036 1321 1205 1353 Mundavit
1232 1322 1351 1353 munda
1378 1326 1484 1354 mente

990 1368 1147 1407 Christus,
1173 1378 1306 1408 sequere

989 1416 1097 1455 Ipsum
1123 1425 1220 1456 opere

1038 1465 1115 1496 Cum
1140 1465 1237 1496 verbo
1264 1464 1445 1498 confitente.

989 1587 1058 1619 Nec
1083 1589 1228 1625 inultum,

1036 1635 1070 1667 Si
1095 1637 1157 1667 scis
1184 1641 1215 1667 et
1239 1646 1301 1669 non
1328 1636 1424 1669 faris!

988 1683 1108 1715 Mentis
1134 1684 1254 1715 vultum

989 1731 1056 1763 Das
1082 1732 1245 1769 incultum,

1039 1779 1072 1810 Si
1097 1789 1159 1811 non
1185 1781 1341 1821 operariS.

991 1903 1105 1934 Nonne
1130 1904 1230 1947 vides,

1039 1950 1072 1982 Si
1098 1951 1160 1982 iarn
1187 1953 1345 1992 moriaris,

990 1999 1112 2031 Perdes
1138 2008 1184 2041 ea,

990 2046 1110 2085 Quibus
1136 2056 1192 2079 rea

1039 2095 1131 2126 Sorte
1157 2094 1341 2131 dominaris,
