1651 2680
701 117 964 153 —283—

338 223 399 258 Ad
432 223 640 256 Tertiam.
1048 223 1108 255 Ad
1144 222 1312 256 Nonam.

170 301 204 335 8.
231 302 332 340 Quam
359 309 424 332 non
447 303 552 340 potest
580 300 703 331 ratione
867 302 898 333 5.
926 300 1138 332 Exsecratum
1167 308 1221 330 cor
1247 300 1377 331 crudele

277 351 435 388 tyrannus
461 347 652 379 convincere
973 349 1046 380 dum
1074 347 1191 378 milites
1218 349 1375 388 comperit

228 395 298 428 Nec
324 394 493 435 promissis
518 403 620 435 neque
646 395 765 428 blando
926 397 1003 429 Cum
1033 395 1212 436 Porphyrio
1240 396 1401 435 baptisma

276 452 424 475 sermone
449 443 614 484 seducere,
974 445 1133 484 recepisse
1160 445 1320 483 praecipit

228 491 428 523 Verberibus
451 491 625 523 laceratam
926 492 1089 524 Deeollari
1117 495 1147 522 et
1176 492 1293 522 dimitti

276 543 382 571 taetro
408 540 522 571 clausit
550 548 690 579 carcere,
974 540 1125 579 canibus,
1154 544 1229 570 tunc
1256 540 1380 580 perficit

230 587 371 621 Caelesti
399 587 470 619 cibo
496 586 649 619 refectam
924 589 1004 620 Eius
1030 590 1114 620 iussa
1142 588 1327 627 spiculator,

279 636 367 668 venit
394 645 530 675 sponsus
556 636 697 676 iungere.
973 646 1080 668 necem
1109 641 1212 668 turma
1241 636 1388 675 despicit,

230 684 397 716 Duodenis
424 684 457 714 in
484 684 596 715 diebus
926 686 1167 724 Parvipendens
1194 685 1337 723 peritura

278 736 371 764 nocte
399 737 490 763 curat
516 741 679 772 spargere,
974 743 1102 772 gressus
1128 733 1206 763 illuc
1233 732 1353 771 dirigit,

228 780 326 820 Regis
353 789 436 811 uxor
462 789 531 811 cum
560 781 705 812 ducentis
926 781 989 814 Ubi
1016 787 1149 813 mortem
1179 780 1243 811 vita
1269 781 1367 811 nescit

278 828 440 868 baptisma
467 828 622 868 recipere.
972 830 1182 870 ecclipsisquc
1210 828 1327 859 deficit.

338 944 401 975 Ad
437 944 618 978 Sextam.
1011 946 1073 976 Ad
1110 944 1334 983 Vesperas.

170 1023 202 1055 4.
230 1021 353 1053 Insanit
380 1030 447 1063 rex,
477 1030 545 1052 cum
573 1030 592 1052 a
618 1022 741 1053 cunctis
863 1024 894 1054 6.
922 1022 1099 1054 Katherina
1125 1021 1334 1053 condemnata

275 1069 446 1100 incolumis
474 1070 626 1107 cernitur,
971 1074 1059 1109 rogat
1087 1074 1163 1101 tunc
1190 1069 1352 1108 praesidio

227 1118 327 1157 Quam
355 1118 504 1149 aestimat
531 1116 615 1149 fame
639 1122 767 1154 tortam,
922 1118 1095 1156 Christum,
1123 1125 1257 1156 precans
1283 1117 1436 1151 imitatur,

272 1164 414 1197 nefanda
440 1165 608 1197 conficitur
971 1166 1129 1197 demulcet
1156 1165 1307 1204 alloquio.

225 1213 261 1244 In
289 1222 357 1245 eam
386 1217 529 1245 rotarum
556 1215 665 1255 moles,
924 1215 990 1245 Vox
1019 1215 1128 1245 divina
1155 1213 1253 1244 Fiat
1281 1212 1377 1248 venit,

274 1270 356 1302 quae
383 1261 518 1293 fulmine
544 1262 689 1298 solvitur,
969 1266 1063 1301 caput
1091 1261 1183 1293 offert
1209 1261 1328 1301 gladio,

226 1310 427 1350 Paganorum
455 1314 570 1350 quater
596 1310 683 1342 mille
920 1310 1011 1341 Genu
1035 1309 1175 1349 flectens,
1204 1318 1243 1340 ne
1268 1308 1415 1340 tardetur

274 1367 424 1390 numerus
452 1359 655 1398 opprimitur.
969 1359 1095 1398 palmae
1122 1357 1301 1391 retributio,

224 1406 322 1446 Regis
348 1416 430 1438 uxor
455 1407 548 1438 tortis
571 1407 716 1438 mammis
920 1407 981 1438 Pro
1009 1406 1170 1447 sanguinis
1197 1406 1283 1437 unda
1308 1405 1401 1436 lactis

273 1455 433 1486 decollata
459 1455 608 1486 redditur
966 1455 1107 1486 manavit
1134 1453 1254 1491 effusio,

226 1502 367 1544 Christo,
397 1503 472 1534 deos
500 1503 670 1541 detestata,
919 1503 1104 1543 Philosophi
1132 1501 1288 1532 naturalis

271 1559 330 1591 per
355 1560 435 1590 quos
459 1560 515 1582 rex
543 1552 712 1591 decipitur,
963 1551 1093 1582 hebetat,
1119 1550 1171 1580 hic
1198 1551 1289 1581 ratio,

604 1667 663 1698 Ad
700 1667 1049 1706 Completorium.

548 1745 577 1776 7.
605 1745 657 1775 Ab
683 1744 805 1785 angelis
832 1744 992 1775 baiulatur

654 1793 812 1832 completo
839 1793 1012 1824 certamine

607 1839 696 1872 Infra
722 1841 863 1881 lapidem
890 1841 1052 1873 humanda

652 1889 740 1921 Sinai
766 1890 931 1922 cacumine

605 1937 715 1978 Longe
741 1938 874 1980 triginta
901 1938 1006 1974 dietis,

652 1985 806 2027 fluxitque
834 1987 874 2018 de
900 1986 1023 2026 virgine

602 2035 715 2067 Oleum
741 2035 909 2075 languidos
936 2044 1052 2066 curans

652 2092 840 2123 quocunque
865 2083 1011 2123 rubigine

604 2131 732 2169 Morbi3
758 2140 885 2171 precor,
912 2132 958 2162 sic
984 2140 1034 2162 me
1060 2131 1143 2163 lavet

652 2179 758 2211 sordis
784 2189 803 2211 a
828 2179 974 2219 caligine,

605 2227 736 2259 Merear
761 2231 796 2259 ut
821 2237 928 2259 secum
954 2226 1019 2258 frui

651 2285 773 2307 summo
799 2285 904 2307 rerum
931 2276 1054 2308 lumini.

236 2362 338 2389 florae
352 2361 445 2389 BMV.
467 2370 525 2389 sec.
548 2370 632 2388 usum
650 2361 861 2388 Carnotensem
877 2370 953 2389 saec.
972 2360 1015 2388 14.
1051 2361 1121 2388 Cod.
1136 2360 1272 2387 Vatican.
1288 2361 1358 2395 Reg.
1378 2358 1439 2387 180.
1454 2374 1492 2378 —

158 2400 186 2436 2,
209 2400 242 2429 11
265 2400 307 2428 Et
328 2403 436 2428 tamen.
450 2414 489 2419 —
503 2398 530 2433 3,
555 2398 590 2427 10
605 2409 751 2436 spergere.
766 2415 803 2419 —
825 2398 852 2433 4,
873 2399 891 2428 3
913 2401 989 2428 fame
1010 2403 1113 2427 tutam.
1136 2414 1173 2417 —
1195 2398 1221 2431 5,
1243 2398 1260 2426 5
1283 2399 1439 2426 Decollati.
1454 2412 1492 2417 —

160 2439 188 2476 6,
210 2438 228 2468 3
248 2441 348 2476 Ipsam
370 2447 505 2475 precans.
527 2455 564 2458 —
584 2437 610 2472 6,
632 2437 650 2465 5
672 2439 750 2466 veni.
772 2455 807 2458 —
828 2437 855 2472 6,
877 2437 895 2466 9
917 2439 1000 2467 lacte.
