1651 2680
717 87 978 122 -144-

323 238 370 268 98.
412 237 550 268 Psalmus
572 237 602 267 L.
626 237 742 268 Boutae
762 237 880 268 Mariae
900 236 935 267 V.
956 236 1102 269 laudibus
1125 235 1381 269 accommodatus.

227 354 234 362 .
262 329 426 368 Miserere,
454 330 555 358 mater
582 326 652 368 Dei,

263 376 418 407 Miserere
445 375 536 406 huius
564 374 619 411 rei,

261 424 359 463 Rogo,
386 424 536 454 miserere
562 423 633 461 mei,

312 470 397 502 Fons
423 470 671 502 misericordiae.

265 519 482 551 miserationis
508 518 625 549 multae

263 568 380 603 Mater,
407 566 559 606 quidquid
589 566 637 605 egi
662 565 769 604 stulte,

266 615 421 653 Nequiter
448 615 496 645 vel
524 613 711 651 inconsulte,

313 662 403 700 Dele,
432 662 537 693 datrix
565 662 685 692 veniae.

233 784 239 789 .
268 757 386 790 Christi
412 762 523 788 mater.
551 757 639 796 virgo
665 756 793 794 munda,

268 807 470 837 Peccatorem
497 806 580 835 hunc
605 803 742 835 emunda

270 853 400 884 Pietatis
427 853 536 884 lavans
563 852 648 883 unda

313 901 439 933 Peccati
466 900 655 939 contagium.

261 949 365 979 Meum
393 957 528 987 agnosco
555 952 686 988 reatum,

265 996 400 1027 Delictis
427 1000 634 1033 attenuatum,

265 1044 393 1076 Pondus
419 1043 519 1081 aufer,
547 1052 585 1074 ne
612 1045 776 1082 peecatum

311 1091 390 1123 Mihi
418 1092 455 1122 sit
484 1092 687 1124 contrarium,

234 1210 242 1218 .
269 1186 353 1218 Filio
378 1192 429 1217 tuo
456 1186 594 1226 peccavi,

271 1235 366 1265 Placa
391 1239 434 1270 tu,
461 1243 551 1273 quem
579 1233 713 1274 irritavi,

264 1282 373 1313 Hostis
400 1291 438 1312 ne
462 1289 606 1313 sermone
632 1279 721 1320 gravi

316 1329 432 1360 Vini-ar
459 1330 490 1360 in
516 1329 642 1359 iudicio.

266 1377 341 1408 Sola
367 1386 446 1415 quae
472 1382 505 1407 tu
532 1385 592 1406 non
620 1375 761 1406 dolorem

267 1426 361 1456 Passa·
390 1430 475 1455 tuum
503 1423 589 1463 paris
615 1422 735 1454 florem.

266 1472 358 1503 Solve
385 1477 490 1502 natum
518 1474 716 1509 peecatorem

313 1522 342 1551 A
369 1520 490 1558 peccati
518 1519 603 1550 vitio,

237 1640 243 1647 .
271 1615 296 1646 Ο
323 1614 471 1645 dilectrix
497 1613 675 1652 aequitatis.

269 1662 349 1694 Mihi
376 1671 515 1692 summae
541 1661 685 1692 veritatis

267 1708 439 1741 Manifesta
466 1710 566 1740 lucem
591 1708 700 1748 gratis,

314 1757 398 1792 Sole,
424 1758 498 1788 luna
524 1756 696 1796 pulchrior.

270 1806 400 1844 Hysopo
427 1804 680 1844 compungitivae

269 1853 403 1884 Virtutis
429 1857 459 1883 et
485 1852 671 1892 purgativae

268 1903 413 1941 Asper-ge
439 1910 497 1933 me,
525 1899 585 1934 fac,
615 1904 647 1930 ut
672 1899 744 1930 nive

316 1948 442 1980 Niteam
470 1948 646 1980 candidior.

239 2069 246 2077 .
273 2045 393 2076 Metum
421 2045 497 2075 tolle
523 2043 633 2074 mortis
660 2042 758 2082 dirae,

271 2092 349 2123 Cum
378 2091 542 2123 damnabit
569 2090 636 2121 dies
663 2090 730 2121 irae

273 2139 449 2180 Reprobos,
475 2146 503 2170 et
532 2137 583 2170 fac
609 2138 720 2169 audire

313 2187 472 2220 Gaudium
498 2187 649 2219 laetitiae.

270 2238 298 2268 A
326 2236 465 2276 peccatis
492 2235 570 2267 meis
597 2237 686 2265 verte

273 2285 401 2316 Vultum
429 2286 516 2314 tuum
543 2287 573 2314 et
599 2282 721 2314 diverte

269 2332 325 2364 Me
351 2332 390 2362 al·
416 2332 506 2370 ipsis,
532 2334 568 2362 ut
593 2331 639 2362 sic
663 2338 723 2370 per
746 2331 779 2359 te

317 2379 450 2412 Reddar
474 2379 684 2412 innocentiae.

913 328 945 360 6.

916 755 946 787 7.

901 2042 954 2075 10.

972 327 1085 359 Cordis
1110 328 1201 367 pravi
1220 335 1358 368 purgans
1376 326 1503 357 sordem

972 375 1048 413 Fac,
1076 375 1191 415 Maria,
1218 375 1276 406 tibi
1303 383 1358 405 cor
1383 374 1466 414 dem,

972 423 1125 462 Spiritum
1152 422 1220 454 Deo
1245 422 1435 454 concordem

1021 470 1103 502 Meis
1131 470 1211 501 dans
1238 469 1424 502 visceribus.

975 518 1063 557 Roga
1089 516 1228 549 fructum
1255 517 1374 549 ventris
1401 516 1458 553 tui,

973 565 1022 596 Ne
1047 575 1066 596 a
1091 565 1161 596 luce
1190 566 1294 597 vultus
1321 565 1368 595 sui

974 613 1134 652 Repeuat,
1161 613 1217 644 sed
1245 614 1340 645 donet
1367 611 1430 643 frui

1023 661 1123 692 Donis
1147 660 1357 700 spiritalibus

974 755 1074 786 Tuum
1101 755 1177 786 mihi
1203 756 1354 794 salutare,

975 803 1080 834 lesum
1108 802 1200 841 dona,
1228 812 1321 843 quem
1348 811 1490 842 precare⁷

979 850 1021 882 Ut
1050 851 1198 888 dignetur
1223 851 1299 882 mihi
1327 851 1404 881 dare

1026 898 1240 937 Principalem
1268 898 1425 937 spiritum.

977 946 1063 977 Doce
1088 954 1137 975 me
1164 947 1315 977 virtutum
1342 946 1424 977 viam

979 994 1001 1022 Y
1009 1002 1156 1032 eramque
1182 994 1427 1035 philosophiam,

976 1042 1044 1080 Qua
1067 1040 1246 1081 profectum
1272 1050 1378 1072 verum
1397 1043 1506 1080 sciam,

1023 1089 1161 1120 Verbum
1188 1098 1226 1120 ex
1253 1094 1285 1120 te
1307 1091 1457 1129 genitum.

943 1209 950 1216 .
978 1184 1095 1216 Libera
1122 1193 1181 1223 nie,
1207 1194 1279 1224 spes
1306 1193 1440 1226 reorum,

975 1233 1004 1262 A
1031 1232 1183 1271 sanguine
1209 1237 1422 1275 peccatorum,

978 1279 1019 1311 Ut
1045 1279 1199 1310 exsultem
1227 1280 1463 1312 commissorum

1021 1327 1197 1366 Impetrata
1226 1327 1327 1360 venia.

974 1374 1094 1405 Mentis
1117 1383 1232 1413 aegrae
1256 1374 1399 1405 morbum
1419 1385 1506 1413 cum,

977 1422 1043 1461 Quo
1070 1427 1100 1453 te
1126 1422 1253 1453 laudem
1279 1422 1374 1453 laude
1399 1433 1489 1463 pura,

976 1471 1076 1509 Aperi
1102 1473 1132 1500 te
1158 1470 1327 1501 laudatura

1025 1517 1138 1548 Cordis
1164 1519 1225 1548 mei
1252 1517 1346 1549 labia.

944 1637 950 1644 .
979 1613 1050 1644 Iesu
1078 1616 1188 1647 mater.
1216 1618 1290 1645 nato
1317 1621 1401 1649 cara,

977 1660 1205 1692 Holocaustum
1231 1661 1264 1692 in
1290 1669 1339 1691 me
1365 1671 1453 1701 para.

977 1708 1041 1739 Cor
1067 1709 1194 1747 ardens,
1222 1709 1254 1740 in
1282 1709 1389 1739 cordis
1414 1719 1470 1741 ara

1022 1756 1172 1788 Sanctum
1200 1757 1414 1797 desiderium3

978 1803 1132 1843 Spiritum
1160 1805 1405 1836 contribulatum

980 1853 1086 1891 Atque
1113 1861 1167 1883 cor
1192 1852 1390 1884 humiliatum

980 1900 1060 1930 Mihi
1076 1905 1215 1940 praesta,
1231 1901 1315 1940 quod
1327 1906 1374 1931 est
1385 1905 1511 1941 gratum

1028 1948 1095 1979 Deo
1123 1949 1323 1981 sacrificium.

982 2044 1007 2075 Ο
1036 2043 1181 2083 benigna,
1209 2043 1261 2076 fac
1287 2044 1432 2085 benigne,

981 2091 1031 2122 Da
1057 2091 1168 2122 mirari
1194 2101 1288 2132 posse
1315 2093 1410 2133 digne

982 2139 1103 2170 Salutis
1129 2139 1251 2179 signum
1279 2141 1401 2180 insigne

1030 2188 1066 2218 In
1094 2187 1174 2218 caeli
1197 2188 1328 2227 palatio*

982 2235 1053 2266 Hoc
1078 2239 1221 2277 accepta,
1250 2241 1352 2268 mater
1378 2237 1449 2276 Dei,

980 2283 1207 2315 Holocaustum
1233 2284 1299 2316 voti
1325 2285 1404 2327 mei3

983 2330 1067 2371 Tibi,
1095 2339 1221 2371 precor,
1247 2332 1341 2364 huius
1366 2333 1413 2364 rei

1033 2378 1134 2411 Grata
1159 2379 1201 2410 sit
1225 2380 1355 2412 oblatio.
