1651 2680
635 127 896 162 -171—

116 218 171 252 15.
195 215 260 257 En,
287 219 433 252 Christus
457 222 601 260 pendeus

246 268 350 299 crucis
373 268 407 299 in
433 269 587 311 patibulo,

196 315 265 355 Quo
290 315 445 347 liberaret

245 363 398 395 mundum
424 373 442 395 a
467 365 637 405 supplicio,

197 411 244 443 Te
268 415 404 442 matrem
431 412 522 443 dedit

244 459 361 496 virgini
388 459 557 502 discipulo,

196 507 242 540 Ut
267 515 394 547 semper
419 508 509 549 virgo

244 565 305 586 non
334 564 460 587 careres
485 555 562 589 filio.

116 644 170 676 16.
198 638 290 674 Tunc
316 640 472 673 Simeonis

244 690 333 720 iuxta
359 689 543 721 vaticinium

197 737 332 770 Gladius
356 742 443 769 tuum

245 785 454 825 pertransivit
480 787 637 827 spiritum,

197 833 334 873 Quando
360 833 464 864 occidi

244 885 332 912 tuum
361 881 450 912 vides
475 881 585 919 filium.

196 930 287 962 Licet
313 929 467 961 credebas

245 986 374 1015 surgere
402 982 473 1017 post
499 979 650 1011 triduum.

113 1075 167 1108 17.
195 1070 338 1106 Mortuus
360 1074 449 1105 Iesus

244 1130 337 1152 cruce
363 1126 411 1152 est
439 1122 614 1161 depositus,

193 1170 291 1209 Quem
319 1169 469 1209 sepelivit

243 1216 357 1258 Ioseph
385 1224 415 1248 et
442 1217 635 1250 Nicodemus

192 1266 284 1298 Novo
311 1266 469 1307 sepulcro,

240 1314 272 1345 in
299 1323 360 1354 quo
385 1314 491 1345 nullus
518 1314 651 1353 positus,

194 1362 356 1393 Tristatnr
381 1366 482 1393 mater

242 1414 270 1441 et
297 1410 402 1442 fidelis
428 1409 575 1450 populus.

110 1507 163 1539 18.
191 1502 220 1540 0
246 1506 331 1537 alma
358 1506 457 1546 virgo,

238 1555 341 1594 gaude
368 1563 437 1585 cum
464 1554 627 1595 apostolis,

190 1602 249 1642 Qui
277 1602 446 1634 crucifixus

237 1649 298 1682 fuit
322 1650 537 1690 lerosolymis,

189 1698 249 1730 Die
275 1699 413 1730 surrexit

236 1747 332 1778 tertia
357 1758 374 1778 a
401 1748 545 1786 mortuis.

189 1795 296 1828 Sacris
323 1795 431 1827 vidisti

236 1843 299 1875 tuis
323 1844 413 1875 illum
440 1843 552 1875 oculis.

112 1940 166 1973 19.
193 1936 260 1973 Nec
285 1949 347 1972 non
373 1940 482 1972 vidisti

237 1997 307 2021 cum
335 1989 429 2028 plebe
455 1988 608 2025 fidelium,

188 2037 324 2076 Quando
348 2038 390 2069 ad
418 2046 548 2077 regnum

235 2085 382 2117 ascendit
408 2085 604 2123 aethereum,

187 2133 237 2166 Ibi
265 2134 367 2165 erexit

235 2182 348 2214 matris
375 2182 581 2219 desiderium.

187 2230 254 2265 Ubi
281 2239 351 2262 cum
378 2234 470 2270 patre

235 2282 349 2319 regnat
374 2282 449 2310 ante
475 2278 647 2311 saeculum.

807 226 863 258 20.

808 646 863 678 21.

804 1077 859 1108 22.

799 1508 855 1539 23.

800 1942 854 1973 24.

890 222 1050 258 Ascendit
1078 231 1244 266 postquam

939 284 1036 314 super
1062 275 1166 306 caelos
1193 275 1357 312 Dominus,

889 321 947 361 Tu,
976 323 1075 362 virgo,
1102 327 1197 362 atque

938 374 1046 401 coetus
1073 371 1268 410 apostolicus

892 417 1131 449 Permanebatis

937 466 968 496 in
991 466 1200 502 orationibus,

888 512 958 543 Hoc
985 513 1043 544 tibi
1071 517 1140 544 erat

938 561 1050 592 diebus
1077 570 1115 592 ac
1141 561 1298 593 noctibus.

892 643 1028 678 Caelesti
1057 655 1153 685 regno

937 694 1108 734 assumpsit
1137 698 1167 725 te
1194 694 1286 735 filius,

888 742 932 773 Et
958 742 1129 773 exsultavit

936 791 1025 821 Iesus
1052 789 1317 829 benignissimus-3

887 837 961 868 Tibi
989 843 1059 877 post
1088 838 1189 869 Deum

935 886 1036 916 omnis
1063 886 1163 916 servit
1189 887 1333 926 spiritus.

887 933 1020 973 Regina.
1049 934 1140 964 nobis

935 986 1002 1012 esto
1029 984 1061 1012 tu
1086 980 1254 1020 propitius.

888 1073 957 1108 Hoc
984 1081 1070 1106 certe
1095 1076 1197 1106 credit

935 1124 1136 1156 Christianus
1165 1124 1311 1162 populus.

885 1172 975 1210 Quod
1003 1176 1074 1202 tuus
1102 1181 1248 1211 sponsus,

933 1219 1018 1250 filius
1045 1225 1074 1250 et
1104 1220 1249 1250 dominus

883 1268 1036 1306 Exaudit,
1064 1268 1163 1308 virgo,

932 1320 962 1346 te
989 1325 1066 1355 prae
1092 1316 1211 1346 sanctis
1239 1316 1397 1351 omnibus.

883 1364 1099 1403 Quodcunque
1127 1364 1218 1404 petis,

931 1412 1027 1443 donat
1057 1412 1114 1442 tibi
1142 1412 1297 1452 protinus⁴

885 1504 925 1540 Ut
954 1517 1011 1538 uos
1040 1508 1210 1547 coniungas

927 1564 997 1587 cum
1024 1560 1208 1587 sanctorum
1237 1556 1387 1598 coetibus,

880 1604 953 1636 Pias
980 1604 1099 1635 inclina

926 1661 1020 1683 aures
1049 1653 1168 1683 nostris
1196 1653 1357 1692 precibus,

880 1699 1000 1738 Quibus
1028 1710 1178 1740 rogamus

927 1752 958 1778 et
984 1747 1101 1779 obnixe
1131 1749 1278 1788 petimus,

882 1796 996 1827 Procul
1023 1796 1157 1828 absistat

929 1844 1109 1875 fornicator
1135 1845 1277 1884 spiritus,

884 1938 1039 1980 Spiritum
1066 1941 1133 1972 irae

931 1989 1008 2019 tolle
1034 1993 1066 2020 et
1092 1989 1252 2028 tristitiae,

880 2037 1128 2077 Castrimargiae

930 2091 1025 2125 atque
1051 2085 1268 2126 philargyriae

882 2133 1089 2173 invidiaeque

931 2190 989 2213 nec
1016 2191 1076 2213 non
1106 2186 1135 2212 et
1161 2182 1303 2224 acediae,

880 2229 1010 2261 Gloriae
1036 2239 1136 2261 vanae

928 2278 1021 2309 simul
1048 2287 1085 2309 ac
1113 2278 1296 2318 superbiae.

163 2365 234 2393 Cod.
263 2364 411 2392 Oxonien.
440 2365 552 2393 Canon.
574 2365 639 2391 Pat.
661 2364 726 2391 Lat.
752 2362 812 2390 175.
836 2372 911 2391 saec.
936 2362 1007 2390 ¹¹f'12.
1028 2378 1064 2381 -
1089 2362 1120 2395 6.
1148 2363 1165 2390 3
1189 2364 1226 2391 Et
1246 2365 1357 2393 videm.
1380 2380 1417 2384 -

87 2403 306 2432 Akrostichon:
335 2403 475 2437 Melus,
503 2403 697 2440 presbiter
725 2406 759 2430 et
786 2402 997 2429 monachus.
1030 2417 1059 2421 —
1093 2402 1243 2430 Abschrift
1264 2413 1323 2430 von
1347 2405 1416 2432 Rev.

91 2443 131 2471 Η.
152 2444 193 2471 Μ.
215 2444 381 2471 Bannister.
