1651 2680
709 91 964 125 —106—

376 189 413 220 In
440 196 533 220 cruce
559 196 608 218 me
633 192 719 220 stare
746 185 856 226 facias,
883 186 1035 219 ardenter
1059 194 1177 220 amare,

376 236 430 267 Me
457 244 549 268 cruce
575 235 689 267 laetari
718 233 816 266 facias
842 238 874 266 et
898 237 931 265 te
956 233 1111 275 comitari,

295 287 351 318 55.
380 284 423 316 Ut
449 284 570 315 valeam
598 292 672 314 verc
698 281 834 314 Domino
858 282 927 314 sine
951 281 1013 314 fine
1041 282 1181 321 placere.

375 333 399 363 Ο
427 332 467 362 mi
495 331 621 364 Christe
647 331 729 367 lesu,
755 339 824 361 mea
849 338 922 370 spes
947 335 981 362 et
1005 330 1059 361 lux
1084 329 1257 365 oculorum,

374 380 399 411 O
426 380 466 410 mi
495 379 597 411 dulcis
623 387 721 415 amor,
750 378 872 417 requies
899 382 930 408 et
953 378 1018 409 vita
1044 378 1211 416 bonorum,

375 428 400 459 O
428 426 563 458 dulcedo
584 435 664 466 men,
692 431 876 457 cunctorum
902 425 997 464 plena
1022 433 1181 465 saporum,

375 475 411 515 O,
439 476 491 514 qui
519 484 576 513 pro
599 474 690 505 nobis
716 482 804 504 amor
830 482 863 504 es
890 472 1060 505 crucifixus
1085 481 1237 514 amorum,

296 524 350 556 ⁴30.
379 523 426 553 Tu
453 532 501 553 me
527 526 707 553 sanctorum
734 530 864 552 numero
890 521 1043 560 coniunge
1068 524 1204 557 tuorum,

374 571 409 601 ln
436 570 540 600 medio
566 579 697 609 quorum
725 569 908 607 resplendet
933 569 999 599 vita
1025 568 1194 600 Minorum.

257 669 336 692 urat.
351 674 400 691 nis.
415 665 570 692 Caelestin.
584 667 612 690 ὃ.
626 665 737 690 Mariae
750 663 784 689 de
797 663 929 690 Parisius
941 671 1016 689 saec.
1031 662 1073 690 15.
1097 661 1165 688 cod.
1175 662 1315 688 Mazarin.
1329 658 1497 691 38971605).

644 824 688 852 63.
732 822 770 851 lle
795 821 889 852 Cruce
913 821 1038 851 Domini.

198 924 228 956 1.
255 921 461 960 Triumphale
488 921 607 959 lignum
636 920 749 958 crucis,

255 970 303 1000 Tu
330 978 386 999 nos
414 969 562 1000 seductos
589 968 715 999 reducis

301 1016 352 1048 Ad
381 1025 517 1055 superna
544 1016 669 1055 gaudia.

256 1066 368 1097 Portas
396 1064 510 1103 pandis
539 1072 631 1094 verae
655 1063 744 1102 lucis,

255 1112 386 1144 Claudis
414 1111 521 1142 fauces
549 1111 647 1141 hostis
675 1110 772 1141 trucis

301 1159 417 1190 Divina
445 1160 595 1198 potentia,

883 922 913 952 2.
941 919 986 950 Te
1011 919 1112 951 adoro
1138 923 1271 958 propter
1296 918 1395 957 illum,

941 967 999 1005 Qui
1027 977 1086 1007 per
1110 970 1142 996 te
1167 975 1292 1006 gregem
1317 966 1466 1005 pusillum

989 1013 1131 1046 Reduxit
1156 1013 1198 1044 ad
1224 1013 1371 1053 patriam,

941 1061 1153 1102 confringens
1179 1070 1237 1100 per
1262 1062 1324 1093 hoc
1346 1061 1496 1092 vexillum

940 1110 1057 1141 Mortis
1085 1113 1191 1139 vectes
1217 1114 1249 1140 et
1275 1108 1424 1148 sigillum.

987 1157 1122 1197 Signans
1147 1155 1327 1189 infernalia.

259 1254 336 1280 Orat.
361 1262 412 1278 ins,
436 1253 580 1287 pragense
602 1260 675 1278 saec.
703 1250 742 1277 15.
786 1251 855 1278 eod.
877 1251 1000 1285 Pragen.
1024 1252 1094 1277 Xlll
1119 1250 1145 1275 11
1168 1250 1216 1276 tia.

640 1411 686 1440 «5⁴.
730 1410 768 1440 De
793 1409 905 1440 Sancta
927 1410 1030 1440 eruce.

194 1521 224 1554 1.
252 1521 276 1552 Ο
304 1529 393 1552 crux.
420 1528 487 1559 ave⁷
516 1528 588 1558 spes
615 1520 717 1556 unica,
878 1522 908 1551 5.
937 1519 965 1549 A
992 1519 1131 1558 maligno
1158 1527 1206 1548 me
1232 1523 1374 1558 protege,

192 1996 223 2030 3.

253 1568 360 1599 Arbor
385 1568 472 1598 salve
499 1567 695 1599 suavissima.

254 1617 353 1654 Quam
381 1615 525 1646 Christus
551 1624 606 1645 sua
633 1615 734 1653 gratia

253 1664 358 1694 Morte
386 1663 502 1693 dicavit
530 1663 671 1701 propria.

222 1784 228 1790 .
254 1759 300 1789 Te
327 1767 417 1789 sacra
445 1758 563 1789 Christi
589 1759 694 1796 passio

250 1806 291 1837 Et
319 1806 479 1845 sanguinis
506 1804 614 1836 effusio

252 1853 424 1886 Colendam
451 1853 534 1885 omni
561 1854 679 1892 populo

252 1902 457 1933 Consecravit
484 1902 515 1932 in
539 1901 674 1934 saeculo.

249 1997 301 2028 Ad
329 1997 416 2027 cuius
441 2007 523 2028 nunc
554 1998 735 2028 memoriam

253 2045 295 2075 Et
321 2045 478 2084 passionis
505 2045 635 2085 gloriam

250 2092 295 2123 Te
321 2092 430 2130 adoro,
458 2097 488 2123 te
515 2101 659 2125 veneror.

252 2141 316 2172 Per
340 2144 371 2169 te
398 2140 514 2171 salvari
543 2140 708 2179 deprecor.

255 2235 304 2267 Sis
330 2243 398 2266 mea
426 2241 458 2266 tu
485 2236 640 2275 protectio

253 2284 293 2315 Et
320 2284 350 2314 in
380 2285 501 2314 cunctis
529 2284 684 2324 defensio,

254 2333 309 2364 Me
333 2331 418 2362 intus
446 2337 475 2362 et
501 2332 640 2363 exterius

256 2379 431 2411 Conserves
459 2379 545 2410 horis
573 2379 729 2411 omnibus.

939 1567 1025 1598 Crux
1051 1567 1144 1603 alma,
1171 1567 1256 1597 omni
1281 1570 1436 1605 tempore,

938 1614 1015 1644 Cum
1042 1614 1177 1653 insurgit
1203 1615 1379 1654 temptatio,

938 1661 988 1692 Sis
1014 1671 1083 1693 mea
1106 1661 1265 1694 liberatio.

891 1760 915 1788 ‘.
943 1757 980 1788 In
1007 1757 1152 1788 adversis
1179 1756 1345 1797 refugium.

940 1804 1058 1836 Contra
1084 1805 1191 1836 hostes
1217 1805 1403 1841 subsidium,

940 1852 1059 1884 Contra
1084 1852 1222 1885 Satanae
1249 1854 1384 1885 iaculum

937 1901 985 1931 Tu
1011 1901 1085 1932 mihi
1113 1901 1157 1931 sis
1182 1901 1393 1935 obstaculum.

906 2024 911 2029 .
940 1997 1007 2028 Tua
1035 2002 1147 2036 potens
1174 1998 1265 2029 tuitio

941 2045 995 2075 Me
1021 2048 1133 2085 purget
1159 2047 1243 2076 omni
1271 2046 1349 2078 vitio

906 2262 913 2269 .
942 2237 968 2268 O
994 2245 1084 2272 crux,
1108 2240 1194 2267 tuum
1221 2238 1419 2279 signaculum

939 2283 984 2315 Sit
1013 2284 1089 2315 mihi
1115 2286 1387 2325 propugnaculum

942 2331 984 2363 Et
1010 2333 1148 2364 motibus
1174 2333 1296 2366 illicitis

941 2379 982 2410 Et
1007 2384 1079 2412 actu
1105 2380 1325 2420 turpitudinis,
