1651 2680
183 160 236 192 79.
263 158 322 198 Qui
348 158 389 190 ad
416 158 603 190 salvandum
629 158 773 198 perditos

186 629 242 660 80.

184 1098 238 1130 Sl.

188 1558 244 1590 82.

192 2019 248 2052 83.

694 60 859 97 —348
908 77 954 84 —

315 206 465 247 dignatus
491 214 524 236 es
550 207 658 238 venire

267 255 308 286 Et
334 255 438 285 crucis
462 253 654 293 supplicium

312 311 370 341 pro
396 301 520 333 miseris
546 301 664 341 subire,

264 349 311 381 Tu
337 349 414 382 mihi
442 349 618 380 miserrimo

312 398 438 429 veniam
463 397 593 437 largire,

264 446 305 477 Et
332 446 363 476 in
390 445 501 476 mortis
527 444 662 476 articulo

315 494 449 535 dignare
475 492 655 524 subvenire.

268 627 326 666 Qui
353 631 555 666 peccatorum
584 626 706 658 veniam

314 675 399 706 solus
426 678 516 714 potes
544 675 631 713 dare,

266 723 359 762 Quod
384 727 456 754 tuae
480 722 608 762 pietatis
635 725 694 761 est,

313 779 392 809 opus
419 778 562 808 operare,

269 818 506 857 Miserrimique
529 818 683 849 miserans

314 867 438 906 lapsum
464 869 634 905 reparare·

265 916 314 946 Ac
341 913 577 945 conmissorum
607 913 730 944 veniam

318 962 458 993 tribuere
484 962 625 1000 dignare.

268 1096 424 1128 Succurre
449 1095 500 1133 pie
527 1095 653 1134 misero,

315 1142 457 1174 conforta
486 1143 673 1182 desolatum,

269 1192 347 1222 luva
373 1190 606 1230 pusillanimem

315 1243 343 1269 et
372 1239 457 1278 erige
484 1242 689 1277 prostratum,

270 1286 442 1318 Consolare
467 1284 615 1322 flebilem,

318 1334 453 1364 emunda
479 1332 690 1369 sordidatum,

271 1381 408 1421 Lapsum
436 1380 616 1419 reconcilia,

319 1437 503 1467 perversum
529 1431 614 1458 muta
641 1430 766 1459 statum.

269 1557 398 1588 Moveat
426 1560 456 1587 te
482 1556 577 1587 anxia

320 1604 469 1634 contritio
496 1604 660 1643 gementis,

270 1652 421 1683 Moveant
448 1651 584 1691 suspiria

320 1703 350 1729 te
377 1698 482 1730 cordis
508 1698 711 1738 paenitantis‚

272 1748 317 1780 Ut
345 1746 497 1786 gemitum
524 1746 678 1777 exaudias

321 1798 352 1825 te
377 1795 500 1826 veniam
527 1794 675 1833 petentis,

274 1842 484 1882 Quatriduani
511 1851 663 1881 reparans

323 1894 440 1921 statum
466 1890 527 1921 iarn
555 1888 714 1922 foetentis.

275 2018 413 2050 Foetens
440 2018 521 2049 enim
548 2018 696 2049 sordibus

324 2066 409 2097 velut
437 2066 665 2106 quatriduanus

275 2114 447 2153 Deprimor
472 2115 530 2145 sub
557 2114 664 2154 lapide

324 2162 446 2202 peccati
472 2166 659 2200 veteranu53

281 2209 345 2242 Sed
371 2210 398 2240 si
424 2208 567 2241 facturae
594 2209 729 2242 dextera

324 2261 396 2288 tuae
422 2261 586 2289 succurrat
612 2267 733 2299 manus,

277 2306 354 2338 Mox
380 2305 541 2337 redivivus
567 2306 689 2345 integre

325 2361 549 2393 conresurgam
575 2362 681 2386 sanus.

867 158 922 191 84.
949 156 1038 197 Ergo
1062 155 1140 188 tolle
1165 154 1307 196 lapidem

997 204 1122 245 peccati
1149 202 1390 242 deprimentem,

950 253 1147 293 Oppressum
1172 259 1311 282 exonera

997 300 1129 332 subleva
1154 300 1322 337 iacentem,

951 348 1055 389 Ligati
1080 348 1168 380 solve
1193 347 1330 383 vincula,

997 395 1131 436 purifica
1156 394 1329 426 foetentem

948 445 1055 483 Atque
1081 442 1167 475 foras
1193 450 1309 474 revoca

997 491 1138 531 peccatis
1163 490 1392 522 inhaerentem.

870 627 924 659 85.
952 626 1005 658 Sic
1029 626 1149 665 poteris
1176 624 1215 655 de
1240 627 1365 656 mortuo

1002 674 1106 705 vivum
1133 682 1296 713 reparare,

954 721 1007 754 Sic
1033 721 1072 752 de
1098 729 1190 752 servo
1214 720 1312 759 impio

1003 768 1101 800 filium
1129 768 1314 807 reformare,

955 817 1008 849 Sic
1034 816 1200 847 commissa
1225 815 1347 846 scelera

1000 864 1122 904 poteris
1147 864 1288 903 expiare,

954 912 1006 944 Sic
1032 912 1148 943 amissa
1173 911 1317 950 praemia

1002 963 1094 1000 potes
1122 963 1312 991 restaurare.

875 1095 929 1127 86.
958 1093 1011 1125 Sic
1038 1093 1146 1125 delere
1172 1092 1293 1132 poteris

1001 1142 1157 1172 maculam
1185 1140 1396 1176 commissam,

953 1189 1093 1221 Mentem
1121 1197 1245 1220 sursum
1271 1187 1400 1219 trahere

1002 1237 1154 1267 hactenus
1182 1236 1363 1270 demissam,

954 1284 1123 1316 Redonare
1148 1284 1282 1324 gratiam

1002 1330 1147 1363 funditus
1173 1331 1334 1369 amissam,

955 1379 1136 1410 Producere
1161 1379 1203 1410 ad
1229 1379 1362 1418 gloriam

1003 1426 1150 1458 fidelibus
1177 1426 1379 1466 promissam.

876 1555 930 1587 87.
957 1556 1047 1595 Quod
1074 1555 1143 1594 ipse
1169 1555 1311 1586 tribuere

1006 1603 1149 1643 dignare,
1176 1611 1233 1634 rex
1260 1604 1432 1645 caelorum,

958 1652 1020 1683 Per
1045 1659 1156 1690 preces
1183 1654 1215 1682 et
1240 1650 1390 1690 suffragia

1007 1702 1187 1732 sanctorum
1212 1699 1408 1739 angelorum,

960 1748 1020 1779 Per
1045 1747 1274 1786 prophetarum
1300 1748 1416 1779 merita

1007 1800 1196 1834 patrumque
1227 1796 1491 1835 praeelectorum,

959 1842 1019 1882 Qui
1045 1842 1104 1874 tibi
1130 1842 1275 1875 efficacia

1008 1891 1198 1930 placuerunt
1224 1900 1356 1929 morum,

880 2019 935 2052 88.
965 2019 1025 2050 Per
1050 2027 1162 2058 preces
1188 2021 1343 2060 precipue

1009 2067 1120 2098 matris
1147 2071 1219 2099 tuae
1245 2068 1328 2111 piae,

963 2114 1129 2146 Gloriosae
1155 2116 1287 2155 virginis

1011 2162 1201 2202 reginaeque
1226 2165 1362 2205 Mariae,

960 2211 1047 2250 Quae
1073 2210 1219 2244 levamen
1244 2213 1375 2245 exhibet

1009 2262 1074 2289 tam
1100 2262 1193 2290 nocte
1219 2269 1312 2300 quam
1339 2262 1392 2294 die

961 2307 1131 2346 oppressis
1156 2308 1292 2340 miseriis

1006 2363 1213 2388 aerumnosae
1239 2357 1319 2391 viae.
