1651 2680
767 71 1022 106 -124-

634 167 836 208 Foveturque
860 167 1022 208 obsequiis

682 217 788 255 Atque
811 215 954 248 mamilla
978 217 1127 259 lactatur,

634 263 710 294 Tuis
737 261 823 295 favet
847 263 990 304 imperiis

682 310 751 342 Nec
772 320 837 343 nou
862 311 1011 351 precibus
1036 313 1199 352 placatum

634 359 776 400 Impetra
790 358 892 391 inobis
917 359 1052 398 miseris,

681 406 724 439 Ut
749 416 823 438 mox
847 407 890 438 ad
915 410 948 437 te
973 406 1130 448 dirigatur

635 453 775 493 Spiritus
801 459 833 484 et
860 454 909 486 his
934 454 1058 494 gaudiis

682 502 718 532 In
743 501 971 540 sempiternum
996 500 1134 538 fruatur,

635 549 676 580 Et
701 550 838 589 populus
863 550 1046 581 incredulus

682 596 733 628 Ad
759 597 862 628 Iesum
887 605 946 637 per
971 602 1002 629 te
1028 601 1244 629 convertatur.

310 730 430 758 Collect.
460 740 509 756 ins.
539 729 664 756 Carmeli
693 730 842 757 Treviren.
868 738 943 756 saec.
975 729 1017 756 15.
1065 729 1133 757 Cod.
1161 730 1309 756 Treviren,
1337 726 1403 755 306.
1426 742 1459 746 -
1481 725 1508 760 2,
1530 724 1549 754 8

234 770 297 801 Quo
318 768 409 795 floret.
434 782 466 786 —
490 767 515 799 5,
537 766 554 794 3
576 768 615 795 Ut
636 768 716 794 solis.
740 783 775 787 —
801 767 827 798 5,
847 766 866 794 4
886 771 922 795 te.
944 783 981 786 —
1002 766 1028 799 6,
1053 767 1070 794 6
1090 768 1133 795 Ne
1154 776 1238 803 quae.
1260 781 1296 785 —
1317 766 1374 793 Str.
1396 764 1412 791 7
1435 766 1549 792 scheint

234 821 270 824 -—
289 806 389 834 Inhalt
410 806 468 832 und
488 807 572 832 Form
594 806 676 841 legen
699 807 761 833 dies
781 802 987 842 gieichmfissig
1007 806 1083 833 nabe
1103 821 1139 824 —
1162 806 1249 832 kaum
1271 813 1307 832 zu
1322 803 1548 831 vorstehendem

234 845 321 871 Liede
344 854 379 871 zu
400 843 536 880 gehiiren.

592 1032 634 1062 77.
675 1030 832 1062 salutatio
854 1031 969 1070 Angeli
993 1030 1032 1061 ad
1053 1029 1194 1061 Mariam.

247 1171 276 1202 1.
305 1172 384 1209 Ave,
414 1169 507 1209 plena
532 1170 645 1207 gratia.
930 1169 961 1200 3.
987 1169 1012 1200 O
1039 1168 1281 1206 speciosissima,

354 1217 460 1256 Virgo,
488 1226 543 1248 vas
571 1217 709 1257 honoris⁷
1036 1215 1169 1255 Depone
1194 1215 1339 1247 timorem

301 1264 388 1296 Audi
417 1264 514 1295 verba
540 1263 649 1294 nuntia
991 1263 1140 1303 Vanaque
1166 1272 1227 1294 non
1253 1263 1398 1299 aestima,

353 1311 486 1342 Iucundi
515 1311 660 1342 rumoris.
1035 1311 1134 1350 Quam
1161 1311 1322 1347 denuntio,
1349 1320 1426 1344 rem.

303 1361 365 1391 Pro
391 1364 445 1390 tua
471 1359 627 1390 munditia
989 1359 1036 1390 Tu
1063 1367 1095 1389 es
1122 1359 1379 1390 coniunctissima

351 1406 405 1437 Me
432 1407 554 1437 venisse
579 1406 663 1437 noris
1037 1405 1105 1436 Deo
1131 1415 1189 1444 per
1210 1415 1360 1444 amorem,

304 1455 340 1486 In
367 1453 516 1484 mundum
543 1453 668 1493 superis
989 1454 1034 1485 Te
1061 1454 1149 1484 Deus
1175 1454 1281 1493 elegit,

351 1507 532 1540 assumptus
559 1502 672 1532 missus
697 1501 736 1532 ab
762 1501 846 1541 oris3
1035 1511 1090 1532 vas
1112 1500 1227 1541 nobile,
1247 1511 1303 1533 vas
1320 1502 1353 1533 in
1372 1503 1542 1544 honoremt,

303 1550 362 1589 Qui
391 1549 511 1580 caelum
537 1553 717 1588 terramque
743 1548 835 1579 simul
989 1548 1152 1587 Convenit,
1177 1553 1213 1580 ut
1238 1549 1332 1581 terris

351 1595 499 1628 formavit
526 1600 556 1626 et
582 1605 709 1635 aequor,
1037 1596 1186 1628 caelestia
1211 1598 1340 1628 numina
1367 1599 1486 1638 places,

300 1644 351 1676 Ad
380 1650 411 1675 te
437 1653 486 1674 me
511 1644 616 1683 misit3
989 1644 1118 1676 Cunctis
1144 1643 1320 1683 praeferris

350 1693 435 1724 iussa
460 1698 593 1731 paterna
620 1700 743 1731 sequor.
1037 1693 1105 1723 sola
1130 1692 1260 1732 Deoque
1287 1693 1405 1733 places.

242 1837 273 1868 2.
301 1837 368 1868 Ista
393 1836 551 1876 salutatio,
926 1837 958 1867 4.
984 1835 1087 1867 Miror
1113 1836 1188 1867 totis
1215 1837 1361 1868 sensibus

347 1883 439 1915 Novo
465 1882 551 1914 facta
576 1892 672 1921 more,
1033 1883 1078 1914 Te
1105 1887 1193 1915 tanta
1220 1884 1338 1916 virtute

299 1932 395 1972 Quae,
425 1931 509 1963 unde
534 1930 574 1961 sit
602 1931 717 1967 nescio,
985 1932 1085 1970 Loqui
1113 1932 1152 1962 de
1179 1932 1370 1964 caelestibus

347 1979 401 2009 Me
427 1979 530 2018 replet
556 1982 694 2019 stupore,
1032 1979 1114 2011 Mihi
1141 1980 1332 2012 constitutae

300 2027 415 2058 Pectus
443 2036 543 2058 meum
571 2026 673 2058 sentio
985 2027 1022 2058 In
1049 2027 1156 2059 mundi
1185 2027 1348 2060 laboribus

345 2074 470 2106 Moveri
498 2076 620 2115 timore,
1034 2075 1139 2114 Atque
1165 2075 1338 2117 servitute;

299 2122 370 2154 Non
397 2131 454 2162 ego
481 2122 647 2162 sperabam
987 2122 1056 2153 Non
1084 2132 1142 2163 ego
1166 2124 1261 2164 digna
1289 2123 1334 2156 fui

346 2169 391 2200 sic
417 2170 565 2202 adeunda
592 2169 671 2201 fore.
1034 2171 1090 2202 tali
1116 2174 1268 2210 tantaque
1294 2172 1408 2210 salute,

299 2218 365 2249 Ista
391 2218 530 2250 salubria
554 2222 588 2249 tu
986 2219 1090 2252 Unam
1117 2218 1156 2249 de
1182 2220 1320 2252 minimis

347 2274 408 2304 quo
435 2265 542 2297 defers
568 2265 666 2297 verba
691 2269 815 2305 paratu,
1034 2275 1083 2298 me
1110 2267 1214 2304 video,
1242 2274 1351 2301 vertor
1375 2269 1408 2301 in
1433 2269 1525 2309 imis3

295 2313 457 2353 Obstupeo
483 2314 598 2346 mentis
985 2315 1055 2346 Vox
1079 2319 1132 2346 tua
1159 2315 1304 2348 sublimis

346 2361 512 2393 deficiente
535 2365 633 2395 statu.
1033 2361 1118 2394 facta
1143 2363 1251 2395 iocosa
1276 2364 1380 2398 nimis.
