1651 2680
699 119 934 156 -45-

167 214 221 247 15.
251 216 332 252 Ave,
359 214 442 254 Iesu,
469 224 528 256 pro
555 216 680 248 miseris

247 261 325 294 Tuis
351 263 488 302 portasti
509 264 628 295 umeris

247 310 325 344 Cum
352 310 520 342 tormentis
546 311 721 344 innumeris

247 357 393 399 Crucem,
429 367 499 390 cum
526 368 589 391 non
615 360 780 394 merueriS.

162 475 217 508 16.
243 474 323 512 Ave,
351 474 435 513 Iesu,
462 473 515 512 qui
541 474 653 512 gravia

244 521 418 552 Tormenta
443 525 475 552 et
500 521 661 560 supplicia

243 571 304 602 Pro
329 573 454 600 tuorum
481 569 610 600 miseria

243 617 328 650 Mira
355 626 468 656 passus
495 625 528 648 es
553 617 667 656 gratia.

161 734 213 767 17.
240 734 319 774 Ave,
347 734 431 774 Iesu,
459 732 512 772 qui
539 732 730 771 pendentem

240 782 283 813 Et
308 781 397 812 iuxta
424 785 455 812 te
480 781 667 811 morientem

241 829 426 870 Suscepisti,
456 838 505 860 mc
532 832 734 869 praesentem

240 877 346 916 Salva,
373 886 499 916 precor,
527 880 558 907 te
584 879 756 916 petentem.

157 994 210 1026 18.
237 993 317 1032 Ave,
344 993 428 1031 Iesu,
456 996 589 1023 matrem
617 995 703 1023 tuam

234 1041 368 1072 Iohanni
396 1040 504 1071 dixisti
530 1049 619 1071 suam

233 1088 324 1127 Esse,
351 1097 459 1119 curam
486 1089 693 1127 praecipuam

234 1136 365 1168 Donans
392 1136 421 1166 ei
447 1139 647 1176 perpetuam.

154 1252 206 1286 19.
233 1252 313 1290 Ave,
340 1251 422 1291 Iesu,
450 1259 499 1280 me
526 1250 712 1282 commendo

231 1299 290 1332 His
317 1298 450 1338 duobus,
479 1298 694 1338 deprecando,

232 1348 277 1380 Ut
303 1347 410 1378 deleas
436 1346 630 1389 miserando,

230 1396 316 1436 Quae
341 1395 483 1426 commisi
508 1394 540 1426 in
566 1394 741 1434 precando.

150 1512 205 1544 20.
230 1512 309 1553 Ave,
339 1511 421 1550 Iesu,
448 1511 489 1541 sit
516 1510 623 1550 passio

230 1560 299 1592 Tua
324 1558 415 1590 nobis
442 1557 596 1598 defensio,

229 1607 437 1639 Peccatorum
465 1607 620 1647 remissio,

231 1655 390 1687 Virtutum
417 1655 583 1687 exhibitio.

147 1772 202 1806 21.
228 1772 308 1811 Ave,
337 1771 419 1813 lesu,
449 1771 645 1802 descendisti

226 1820 263 1852 In
289 1818 448 1851 infernum
475 1823 507 1850 et
533 1818 669 1858 fregisti,

227 1868 360 1901 sanctos
386 1868 462 1899 inde
486 1867 637 1906 eduxisti,

227 1915 304 1949 Cum
330 1916 475 1956 sepultus
500 1915 637 1948 iacuisti.

145 2029 200 2062 22.
226 2029 306 2069 Ave,
334 2028 418 2068 Iesu,
445 2036 526 2068 agne
552 2026 624 2067 Dei,

225 2076 329 2109 Dator
353 2085 449 2109 verae
476 2075 609 2115 requiei,

227 2125 334 2157 Decor
359 2124 462 2156 omnis
488 2123 621 2163 speciei,

223 2173 392 2214 Miserere,
420 2181 548 2214 precor,
577 2170 650 2204 mei,

141 2285 198 2318 23.
224 2285 306 2326 Ave,
332 2285 418 2324 Iesu,
444 2283 499 2323 qui
526 2282 638 2314 dolore

224 2333 320 2365 Victo
345 2331 458 2363 mortis
485 2333 516 2362 et
542 2337 658 2369 sopore

223 2380 401 2414 Surrexisti
428 2388 499 2411 cum
526 2378 644 2410 decore

225 2429 402 2469 Gloriaque
428 2430 460 2460 et
485 2428 618 2460 honore.

857 218 913 250 24.
939 217 1020 259 Ave,
1047 217 1131 256 Iesu,
1158 224 1215 247 rex
1238 214 1367 255 gloriae,

939 265 1020 306 Ave,
1047 265 1128 305 Iesu,
1154 272 1210 295 rex
1236 262 1372 303 gratiae,

939 314 1019 353 Ave,
1049 313 1145 344 decus
1171 310 1323 343 ecclesiae

937 361 981 392 Et
1006 369 1062 392 rex
1089 360 1201 402 plenus
1227 358 1391 391 victoriae.

851 476 908 508 25.
937 477 1016 513 Ave,
1044 475 1125 514 Iesu,
1158 482 1273 512 corpus
1299 478 1397 512 tuum,

935 523 1026 561 Quod
1052 531 1110 561 pro
1133 530 1183 552 me
1209 520 1269 551 fuit
1295 524 1467 560 mortuum,

934 571 982 602 Sit
1008 569 1084 600 mihi
1110 569 1143 600 in
1169 573 1357 608 perpetuum

933 618 1030 650 Cibus
1056 621 1087 648 et
1114 617 1177 648 dux
1204 616 1383 648 affectuum.

849 735 904 767 26.
931 734 1011 772 Ave,
1039 733 1121 767 Iesu,
1149 732 1201 762 lux
1228 730 1391 767 mentium,

930 782 1010 819 Ave,
1040 780 1176 812 dulcedo
1203 779 1357 815 cordium,

930 829 1082 860 Nostrum
1110 827 1158 859 fer
1185 827 1378 858 desiderium

930 877 983 908 Ad
1009 881 1049 918 te,
1077 880 1190 916 potens
1217 884 1272 906 rex
1298 874 1448 907 omnium.

845 992 901 1024 27.
928 993 1007 1033 Ave,
1035 991 1118 1030 Iesu,
1145 995 1179 1021 tu
1204 990 1324 1020 sanitas

928 1040 1046 1071 Nostra
1072 1039 1116 1069 sis
1139 1042 1233 1077 atque
1259 1037 1396 1069 bonitas.

928 1087 1069 1125 Esuries,
1101 1086 1232 1118 satietas

926 1135 1161 1174 Delectansque
1187 1133 1338 1166 suavitas,

839 1249 893 1284 23.
921 1251 1001 1289 Ave,
1029 1250 1111 1287 Iesu,
1139 1249 1192 1288 qui
1220 1249 1378 1280 caelorum

920 1297 1117 1336 Ascendisti,
1146 1305 1200 1328 rex
1227 1306 1348 1334 eorum,

921 1345 1024 1386 Super
1049 1345 1124 1386 alta,
1155 1345 1218 1376 dux
1245 1350 1439 1378 sanctorum.

921 1393 1057 1434 Saeptus
1085 1393 1190 1424 choris
1216 1394 1412 1433 angelorum.

838 1511 892 1543 29.
922 1511 1002 1549 Ave,
1031 1511 1114 1548 lesu,
1143 1509 1183 1541 da
1211 1509 1345 1541 veniam.

920 1560 1000 1597 Ave,
1029 1559 1110 1595 lesu.
1140 1558 1181 1589 da
1206 1558 1353 1597 gratiam.

921 1606 995 1638 Tibi
1020 1606 1115 1646 digne
1141 1611 1175 1637 ut
1201 1606 1337 1637 serviam

921 1656 1027 1694 Atque
1053 1655 1095 1686 ad
1121 1657 1152 1685 te
1177 1655 1372 1694 perveniam.

838 1771 894 1803 30.
922 1770 1002 1806 Ave,
1031 1770 1114 1809 lesu,
1143 1770 1222 1801 dans
1249 1770 1397 1809 spiritum

921 1818 1049 1850 Sanctis
1075 1818 1137 1849 tuis
1165 1818 1365 1859 paraclitum,

919 1866 998 1897 Esto
1025 1874 1141 1905 precor
1166 1866 1206 1897 ad
1233 1866 1354 1897 obitum

916 1914 1087 1953 Meumque
1114 1914 1201 1945 muni
1227 1914 1356 1948 exitum,

837 2025 892 2060 31.
920 2025 1000 2066 Ave,
1029 2025 1113 2066 Iesu,
1140 2025 1192 2064 qui
1219 2029 1369 2056 venturus

921 2073 1038 2105 Omnes
1065 2082 1098 2104 es
1124 2073 1334 2113 iudicaturus,

920 2121 1026 2152 Bonos
1048 2120 1294 2161 glorificaturus,

920 2169 1025 2200 Malos
1051 2169 1133 2200 iuste
1160 2169 1377 2201 damnaturus.

836 2281 892 2314 32.
919 2281 1000 2320 Ave,
1027 2282 1139 2311 sancta
1164 2280 1356 2320 humanitas,

918 2329 999 2368 Ave,
1025 2327 1119 2359 beata
1146 2327 1259 2366 deitas,

919 2376 999 2419 Ave,
1028 2376 1162 2408 colenda
1187 2377 1314 2408 trinitas

920 2424 966 2456 Et
990 2424 1158 2457 adoranda
1182 2425 1299 2457 unitas.
