1651 2680
707 81 968 117 —302—

253 177 372 204 Collect.
396 186 448 204 ms,
470 177 685 205 Ratisbonense
707 185 782 205 saec.
805 175 952 214 12[—14].
975 178 1048 206 clm.
1064 178 1218 206 Monacen.
1243 177 1349 207 13087.
1369 195 1402 199 —
1423 177 1451 212 6,
1477 177 1496 206 2

179 223 274 249 neque
302 215 380 242 luna.
411 230 444 234 —
477 214 528 247 27,
560 215 571 242 l
594 216 666 243 fehlt
690 217 754 243 eine
781 216 873 244 Silbe.
898 231 936 236 —-
961 214 1013 250 30,
1038 217 1058 245 4
1087 217 1217 244 Alteram
1243 219 1336 244 sancti
1360 217 1496 245 Andreae

177 253 313 287 apostoli.
335 268 371 272 —
393 251 438 284 32,
464 253 476 280 1
499 255 583 289 quasi
608 256 781 281 matutinam
803 255 927 282 stellam.
950 269 986 274 —
1006 254 1053 287 33,
1075 253 1092 282 2
1113 255 1217 282 beatae
1237 255 1328 282 Fidis.
1352 269 1386 275 —
1409 253 1455 287 33,
1476 252 1495 282 3

177 290 316 327 Exceptis
345 291 475 319 fidelium
502 292 689 320 habitaculis.
722 308 752 311 —
774 293 950 320 Aufsehrist:
983 295 1136 329 „Rithmus
1164 302 1215 329 pro
1244 294 1498 321 commendatione

178 330 219 363 pii
243 331 361 358 Ottonis
383 331 515 366 episcopi
536 335 565 358 et
586 331 621 358 de
643 331 735 367 gestis
756 330 847 358 eius.“

632 513 700 543 280.
743 511 784 542 De
805 514 911 543 saneto
933 512 1039 543 Paulo.

901 622 933 654 4.
959 618 1076 653 Laetus
1095 619 1257 652 Christum
1283 625 1329 652 est
1353 624 1491 660 secutus,

960 669 1063 700 Multa
1090 677 1202 707 passus
1228 669 1299 708 ipso
1325 669 1422 705 intus,

190 621 223 654 1.
250 618 384 658 Paulus,
412 621 587 652 aemulator
611 622 701 661 legis,

246 670 437 701 Persecutor
464 669 583 700 Christi
610 670 725 709 gregis,

245 717 354 756 Lupus
381 725 482 756 rapax
510 721 641 748 mortem
669 725 782 756 gerens

250 764 382 804 Circuit,
410 773 526 795 necare
553 773 708 804 quaerens

295 813 418 844 Cuneos
443 812 595 844 fidelium.

185 909 216 940 2.
243 904 273 940 A
301 907 408 938 divina
436 906 505 937 luce
537 911 651 945 tactus,

244 955 353 986 Mente
378 958 502 993 raptus,
532 964 644 986 caecus
670 954 784 991 factus,

245 1002 367 1033 Ductus
394 1006 441 1032 est
467 1002 508 1032 ad
535 1003 702 1044 Ananiam,

246 1050 364 1080 Videns
391 1058 490 1080 novae
519 1051 602 1081 vitae
628 1051 721 1087 viam„

959 716 1090 748 Probris
1108 716 1223 755 laesus,
1251 717 1348 756 virgis
1368 725 1490 755 caesus,

958 764 1074 796 Mortis
1100 772 1234 803 poenam
1261 768 1291 795 et
1318 769 1464 796 catenam

1006 811 1078 844 Pati
1103 821 1166 843 non
1192 815 1240 843 est
1265 813 1397 845 veritus.

899 909 930 938 5.
957 904 1063 940 Uitam
1087 906 1212 946 longam
1236 907 1269 938 in
1297 908 1416 939 virtute

957 955 1058 986 Duxit
1081 955 1191 985 muudi
1217 964 1276 994 pro
1301 956 1414 990 salute,

956 1003 1084 1042 Martyr
1117 1002 1244 1033 tandem
1275 1011 1347 1034 cum
1373 1012 1490 1035 corona

960 1051 1110 1090 Sumptus
1135 1049 1176 1081 ad
1200 1054 1330 1082 aeterna
1357 1051 1437 1083 bona

294 1098 397 1128 Iesum
424 1096 483 1127 Dei
512 1097 621 1129 tilium.
1004 1097 1130 1129 Laudat
1156 1106 1260 1137 regem
1287 1099 1419 1137 gloriae.

189 1193 220 1223 3.
246 1188 413 1224 Uetustate
440 1192 604 1230 spoliatus,
894 1193 924 1224 6.
953 1189 1070 1224 Sancte
1089 1192 1195 1230 Paule,
1222 1193 1286 1223 dux
1305 1193 1482 1233 doctorum,

247 1239 348 1270 Fonte
372 1240 492 1277 gratiae
519 1244 648 1270 renatus
951 1240 1087 1279 Martyr,
1115 1238 1172 1271 flos
1199 1241 1433 1282 apostolorum,

246 1287 358 1325 Coepit
383 1295 482 1325 usque
509 1286 586 1317 fines
613 1290 716 1318 terrae
951 1287 1016 1318 Nos
1043 1287 1187 1325 emenda,
1213 1287 1315 1318 Deum
1342 1298 1411 1326 ora,

244 1333 389 1365 Salutate
415 1342 520 1364 semen
548 1333 632 1364 ferre
951 1334 994 1366 Ut
1019 1335 1159 1365 illustret
1184 1344 1242 1366 uos
1269 1336 1386 1368 decora

338 1383 373 1412 In
402 1379 526 1411 fervore
553 1382 695 1420 spiritus.
998 1382 1168 1413 Beatorum
1197 1383 1315 1422 requie.

249 1475 367 1501 Collect.
399 1483 450 1500 nis.
483 1474 642 1509 Campense
673 1475 742 1501 unni
776 1473 855 1501 1462.
903 1476 973 1502 Cod.
1002 1476 1217 1503 Darmstadien.
1249 1475 1313 1503 521.
1341 1492 1379 1496 —
1408 1478 1480 1504 Dies

172 1512 295 1539 Gmlicht
317 1515 354 1539 ist
375 1521 432 1538 von
453 1512 619 1539 demselbeu
634 1514 785 1539 Verfasser
806 1514 859 1539 wie
874 1513 947 1540 oben
962 1515 1012 1540 ΝΥ.
1028 1513 1080 1541 251
1098 1515 1150 1540 auf
1165 1514 1220 1541 den
1236 1515 1275 1542 hl.
1290 1516 1478 1543 Laurentius.

580 1692 640 1722 281.
682 1692 723 1722 De
744 1699 768 1721 S.
790 1691 886 1722 Paulo
908 1691 1059 1723 Eremita.

868 1801 899 1833 3.
927 1801 1028 1832 Sentit
1055 1807 1129 1833 tunc
1153 1803 1345 1834 Valerianus

925 1849 1023 1880 Socer
1049 1849 1149 1881 dirius
1176 1859 1321 1887 vesanus,

973 1898 1057 1929 Huic
1081 1898 1214 1930 moliens
1240 1899 1423 1937 interitum3

922 1944 1130 1977 Solitudinem
1159 1947 1285 1986 petivit.

920 1993 988 2031 Qua
1013 1994 1163 2031 salvaret,
1191 1995 1363 2034 exquisivit

976 2041 1066 2083 Puer,
1094 2042 1243 2080 pusillum
1271 2043 1432 2083 spiritum.

184 1801 213 1833 1.
241 1800 319 1830 Bina
349 1799 474 1838 legione
500 1799 605 1830 David

242 1847 357 1878 Hostes
384 1847 483 1877 Israel
510 1849 694 1886 prostravit⁷

290 1894 454 1931 Mundum,
465 1904 602 1930 carnem,
615 1895 822 1933 daemonium,

245 1944 380 1974 Primum
408 1947 581 1982 martyrum
608 1944 746 1980 levitam,

237 1991 471 2022 Monachorum
497 1991 661 2022 eremitam

289 2039 376 2070 Dans
404 2038 534 2070 Paulum
565 2038 791 2078 primicerium.

181 2135 212 2165 2.
240 2135 313 2173 lpse
340 2142 420 2174 puer
445 2134 498 2165 vix
525 2135 673 2166 sedeunis

242 2182 411 2213 Columbae
438 2182 572 2213 vestitur
597 2183 710 2222 pennis

288 2230 401 2261 Petens
427 2234 551 2261 antrum
579 2231 745 2262 maceriae.

238 2276 274 2310 In
303 2278 464 2309 desertum
493 2278 548 2309 slat
574 2279 698 2311 volatus

241 2326 355 2366 Oratis,
380 2326 550 2365 temptans,
577 2327 732 2358 incolatus

285 2374 465 2406 Praesentis
491 2374 570 2405 flens
597 2375 755 2407 miseriae.

865 2137 896 2166 4.
924 2136 1043 2168 Cohors
1070 2136 1159 2176 prior
1183 2138 1246 2169 iam
1273 2148 1412 2181 cessare,

923 2183 1064 2224 Sequens
1091 2184 1201 2216 debuit
1227 2196 1381 2227 pugnare.

971 2233 1174 2272 Quapropter
1195 2234 1342 2267 Christus
1366 2235 1482 2275 noluit,

922 2280 1011 2319 Quod
1038 2281 1070 2312 in
1094 2281 1152 2312 illa
1178 2283 1341 2322 militaret,

923 2327 1062 2360 Nostrae
1086 2329 1144 2361 sed
1171 2330 1320 2364 ducatum
1347 2333 1451 2373 daret,

973 2377 1069 2408 Prout
1095 2377 1228 2418 insignis
1255 2381 1366 2414 voluit.
