1651 2680
230 209 284 242 11.
311 208 390 240 Fiat
415 204 516 244 nobis,
545 203 688 245 Domine,

359 254 441 286 sicut
466 257 500 284 tu
526 251 647 293 dixisti,

317 303 359 336 Ut
384 300 581 332 ambulemus
606 299 734 330 tramite

360 352 458 390 recto,
483 355 575 387 quem
602 347 732 388 duxisti,

315 398 357 430 Et
382 396 427 427 tui
454 395 542 435 regni
568 394 712 435 gloriam,

363 444 445 475 sicut
470 442 656 484 promisisti,

314 493 364 524 Da
388 492 451 522 tuis
476 490 637 530 fidelibus,

363 548 440 580 quos
463 542 497 570 tu
522 537 699 569 redemisti.

234 676 287 708 12.
318 674 476 706 Voluntas
502 675 610 702 nostra
634 673 761 701 maneat

360 728 462 752 tecum
489 720 645 758 radicata,

314 768 506 809 Angelorum
532 766 680 798 laudibus

361 823 486 855 semper
511 815 552 846 sit
578 817 700 853 parata,

317 866 411 896 Porta
439 862 529 900 caeli,
557 868 756 901 quaesumus,

362 910 453 942 nobis
479 913 620 941 reserata

314 960 453 998 Maneat,
480 958 511 988 in
537 957 638 998 gloria

362 1006 461 1037 virtus
488 1003 704 1044 comprobata.

233 1142 287 1174 13.
314 1141 387 1172 Tua
414 1138 499 1169 dulci
525 1137 627 1177 gratia

362 1185 498 1219 defende
525 1188 708 1224 peccatores

313 1235 355 1266 Et,
380 1232 526 1265 adflictos
549 1232 689 1272 subleva,

360 1281 467 1320 mitiga
494 1281 632 1320 dolores,

317 1331 360 1362 Ut
386 1335 416 1359 te
444 1332 635 1367 cognoscant
664 1327 844 1366 Dominum,

364 1376 454 1417 vitia,
481 1375 606 1407 labores

316 1425 424 1456 Vitent
450 1427 481 1454 et
506 1422 676 1454 virtutibus

364 1472 440 1504 fiant
467 1474 635 1502 amatores.

238 1604 293 1636 14.
321 1602 411 1634 Sient
437 1606 470 1631 tu
496 1600 554 1636 vis,
582 1599 725 1641 Domine,

363 1657 421 1681 nos
446 1648 664 1678 indifferenter

318 1697 478 1735 Guberna,
506 1704 590 1735 rege,
617 1699 748 1735 protege

369 1743 474 1776 dando
500 1743 591 1774 nobis
617 1751 743 1782 semper

318 1792 462 1825 Muneris
488 1791 650 1829 auxilium,

366 1844 401 1871 ut
426 1839 484 1870 tibi
510 1842 696 1870 reverenter

318 1887 510 1925 Serviamus‚
537 1886 644 1926 turpia

366 1935 496 1968 vitando
521 1938 678 1975 potenter.

239 2067 296 2100 15.
322 2066 365 2097 In
392 2063 478 2096 caelo
506 2067 619 2095 cuncta
643 2063 759 2103 gaudia

369 2111 460 2144 nobis
486 2115 559 2144 sunt
583 2115 705 2154 parata,

320 2160 387 2194 Ubi
411 2160 582 2191 delectatio

369 2212 415 2240 est
439 2207 653 2246 adcumulata,

321 2255 515 2296 Angelorum
544 2256 646 2287 deitas

369 2308 474 2336 manet
500 2302 673 2335 informata

322 2353 367 2384 Et
391 2352 544 2382 iustorum
571 2351 673 2391 gloria

371 2408 496 2440 semper
520 2402 733 2440 augmentata.

848 109 895 143 34

915 205 971 238 16.

918 671 974 704 17.

921 1138 974 1170 18.

921 1600 975 1634 19.

926 2065 981 2097 20.

997 204 1043 237 Et
1065 203 1102 236 ian
1125 206 1214 236 terra
1237 211 1396 244 prospera

1044 251 1144 293 nulla,
1169 251 1227 283 sed
1253 251 1390 283 adversa

998 299 1220 340 Inveniuntur,
1246 298 1372 330 miseris

1045 347 1150 380 omnia
1175 351 1372 381 transversa,

998 394 1230 427 Adfiictionum
1254 393 1394 434 plurium

1046 443 1139 482 copia
1164 442 1303 480 diversa,

997 491 1145 524 Vitemus
1169 498 1245 529 ergo
1273 486 1447 525 saeculum,

1044 542 1079 569 ut
1105 545 1208 577 poena
1232 536 1274 566 sit
1300 535 1457 573 dispersa.

999 670 1126 702 Panem
1152 673 1240 700 tuum
1265 667 1445 707 angelicum

1047 717 1167 758 praebe
1192 715 1294 752 nobis,
1323 714 1468 755 Domine,

1003 766 1045 798 Ut
1070 766 1116 796 tui
1143 763 1294 795 consortii

1047 813 1276 851 coniungamur
1301 809 1427 850 agmine

1000 861 1044 892 Et
1071 869 1139 891 cum
1166 864 1221 890 tuo
1247 857 1314 890 filio

1048 912 1080 939 et
1106 916 1176 938 cum
1202 909 1313 938 sancto
1338 903 1468 936 flamine

1000 956 1174 994 Iungamur
1200 954 1233 985 in
1259 953 1361 993 gloria

1047 1002 1191 1034 canendo
1219 1001 1305 1033 dulci
1331 1000 1483 1034 carmine.

1002 1137 1156 1168 Nostrum
1185 1145 1251 1173 cor,
1278 1135 1443 1174 altissime,

1050 1184 1143 1215 flecte
1169 1183 1349 1223 tolerando,

1005 1232 1050 1264 Ut
1078 1232 1219 1263 vivamus
1246 1231 1352 1262 sobrie

1053 1280 1131 1311 vitia
1158 1279 1301 1314 vitando,

1005 1328 1050 1358 Te
1077 1337 1144 1358 cum
1172 1326 1339 1365 diligentia

1051 1383 1177 1415 semper
1202 1374 1358 1405 imitando

1002 1423 1175 1454 Videamus
1202 1422 1296 1461 facie,

1049 1470 1176 1510 quando
1203 1471 1263 1501 erit
1290 1470 1432 1509 quando.

1005 1599 1215 1631 Cotidicmum
1244 1599 1395 1640 gaudium

1051 1652 1156 1679 tecum
1182 1648 1358 1684 invenitur,

1005 1695 1068 1726 Per
1092 1695 1188 1727 fidem
1214 1704 1288 1735 spes
1313 1696 1464 1727 altissimi

1055 1744 1205 1775 cordibus
1230 1744 1348 1782 unitur,

1005 1792 1063 1831 Qui
1091 1792 1241 1832 relinquit
1269 1792 1359 1832 vitia,

1053 1840 1169 1871 virtute
1196 1840 1383 1879 redemitur‚

1005 1888 1143 1920 Caelesti
1169 1897 1288 1927 mensa,
1316 1888 1427 1928 gaudii

1052 1936 1167 1975 poculo
1192 1936 1323 1976 potitur.

1011 2065 1067 2097 Da
1093 2065 1197 2105 nobis,
1224 2065 1373 2108 Domine,
1397 2071 1433 2098 ut

1058 2122 1185 2152 semper
1210 2117 1315 2145 tecum
1342 2115 1499 2159 vivamus,

1009 2161 1078 2192 Tua
1103 2160 1258 2193 beneficia

1059 2217 1155 2250 saepe
1182 2210 1366 2252 cogitemuS‚

1012 2256 1159 2288 Concede
1185 2257 1277 2288 nobis
1303 2259 1452 2299 gratiam,

1059 2310 1091 2336 ut
1119 2308 1151 2335 te
1178 2305 1396 2338 collaudemus

1012 2353 1054 2384 Et
1080 2353 1122 2384 ad
1145 2362 1284 2392 superna
1309 2355 1429 2395 gaudia

1061 2401 1145 2432 viam
1173 2400 1359 2442 dirigemus.
