1651 2680
711 123 874 159 —237
926 143 970 147 —

335 216 398 248 Ad
432 215 658 256 Vesper-as.

201 292 232 324 7.
259 291 325 324 Des
350 292 468 331 iugiter
493 293 672 332 exstirpare

306 339 434 372 Semina
459 340 612 379 zizaniae,

255 387 365 419 verba
390 388 476 419 vitae
501 389 669 431 seminare,

305 435 399 468 Pacis
425 438 457 466 et
483 436 684 478 concordiae,

256 483 443 514 Proximum
470 483 641 515 aedificare

302 529 366 562 Per
390 540 471 571 opus
497 531 650 572 iustitiae,

254 579 393 612 Cunctos
420 580 528 610 hostes
554 579 717 612 debellare

305 627 382 658 Cum
409 626 517 667 palma
543 628 707 662 victoriae.

260 703 340 729 Orat.
363 712 415 729 ms.
438 703 677 730 Beneventanum
700 702 737 739 [?]
759 713 834 732 saec.
859 704 930 732 “lm

970 221 1032 253 Ad
1063 220 1412 260 completorium.

891 297 922 329 8.
949 298 1006 330 Pie
1031 301 1134 337 pater,
1162 305 1210 328 me
1237 296 1378 336 digneris

1000 346 1172 385 Protegere
1197 348 1317 386 tenere,

951 393 986 424 ln
1013 392 1159 424 adversis
1185 392 1365 424 recorderis

994 441 1047 471 Me
1073 449 1231 479 nunquam
1261 440 1420 481 deserere,

949 487 996 519 De
1024 495 1132 519 errore
1158 488 1342 519 memoreris

994 536 1046 567 Ad
1073 539 1104 567 te
1129 544 1179 566 me
1205 536 1368 574 reducere,

948 583 996 614 Ne
1024 584 1184 623 depascar
1207 583 1247 614 ab
1274 584 1322 614 his
1349 582 1436 622 feris,

993 632 1080 671 Quae
1106 639 1156 662 me
1184 631 1294 662 volunt
1320 631 1466 670 perdere.

974 707 1043 733 eod.
1066 707 1203 741 Borgian.
1225 707 1255 733 M
1271 707 1311 733 VI
1326 705 1371 733 21.
1388 721 1423 725 -
1439 706 1465 739 4,
1487 706 1504 733 4

183 742 312 777 pessimo
334 741 414 768 fehlt.
437 755 473 759 —
494 740 525 773 4,
547 739 565 768 8
587 741 695 768 Senum
718 743 897 771 beatissimo.
918 759 954 764 —
978 744 1004 776 5,
1027 743 1048 775 6
1066 745 1201 772 Demdat.
1223 759 1259 763 —
1281 743 1307 775 6,
1328 744 1345 772 8
1368 746 1400 771 In
1424 746 1503 772 hora.

623 894 681 924 186.
724 893 840 925 Cursus
862 894 898 925 de
920 896 1058 935 Angelis.

715 954 801 980 Feria
824 954 960 981 secunda.

652 1050 713 1081 Ad
747 1051 1018 1082 Matutinum.

191 1127 224 1159 1.
251 1128 349 1166 Quem
377 1130 549 1158 vener-amr
577 1126 691 1157 civium

251 1175 443 1207 Caelestium
470 1174 640 1211 exercitus,

249 1223 370 1263 Regem
397 1222 537 1255 adorant
565 1223 703 1254 omnium

248 1271 464 1310 Angelicique
490 1270 633 1309 spiritus,

889 1130 920 1160 2.
951 1129 1012 1159 Per
1038 1129 1094 1160 hos
1122 1137 1268 1167 rogamus
1294 1128 1417 1167 intime,

948 1176 1065 1208 Nostra
1094 1184 1182 1208 sume
1208 1177 1402 1216 precamina,

949 1224 1081 1256 Custodi
1108 1233 1164 1256 nos
1190 1225 1348 1255 tutissime

947 1272 1067 1304 Cuncta
1095 1272 1219 1314 pellens
1246 1273 1445 1305 discrimina.

517 1349 548 1380 3.
577 1348 662 1379 Laus
688 1348 758 1389 tibi,
786 1348 883 1385 Deus.
911 1350 1049 1388 penitus.

578 1399 677 1435 Quem
704 1396 835 1428 laudum
865 1406 942 1428 voce
971 1398 1084 1429 sedula

579 1444 750 1476 Collaudat
775 1445 881 1476 omnis
907 1446 1040 1485 spiritus

579 1493 616 1525 In
643 1493 843 1525 saecularum
872 1494 1010 1525 saecula.

700 1600 761 1632 Ad
797 1599 977 1632 Laudes.

194 1667 224 1701 1.
251 1668 392 1699 Aeterne
419 1674 525 1698 rerum
552 1667 709 1701 conditor.

248 1715 307 1754 Qui
333 1724 432 1757 mare,
459 1715 571 1753 solum,
599 1715 731 1746 aethera

249 1763 429 1803 Gubernas,
456 1762 558 1793 iustus
584 1763 731 1794 redditor

247 1812 406 1852 Cuiusque
432 1811 521 1842 iuxta
546 1819 654 1850 opera.

187 1890 218 1922 2.
248 1889 431 1930 Superbum
457 1896 571 1927 nempe
598 1887 745 1927 spiritum

247 1939 451 1978 cunctosque
477 1946 551 1967 suos
579 1936 751 1975 complices

245 1986 439 2019 Damnando
463 1985 494 2016 in
522 1984 686 2015 interitum

245 2035 349 2067 Veros
375 2033 510 2066 firmasti
537 2032 710 2073 supplices.

883 1668 918 1699 3.
945 1668 1005 1706 Qui
1036 1668 1166 1700 laudum
1193 1668 1250 1698 tibi
1278 1669 1421 1700 carmina

945 1715 1040 1747 Nunc
1069 1716 1240 1748 concinunt
1265 1717 1428 1749 alacriter.

944 1764 1009 1795 Per
1035 1774 1113 1804 quos
1140 1769 1249 1795 nostra
1275 1766 1462 1804 peccamina

943 1812 1067 1844 Relaxa
1093 1812 1307 1852 placabiliter.

883 1891 915 1921 4.
947 1889 1013 1920 Nos
1041 1889 1213 1921 consoleris
1239 1889 1356 1929 iugiter

949 1937 1007 1968 Ser
1032 1938 1164 1977 spiritus
1192 1938 1364 1977 angelicos,

948 1985 1026 2018 Cum
1055 1986 1103 2016 his
1129 1989 1163 2015 ut
1190 1985 1324 2025 hymnos
1350 1988 1474 2026 pariter

947 2033 1020 2064 Tibi
1047 2042 1221 2074 pangamus
1248 2034 1387 2067 melicos.

544 2113 575 2142 5.
605 2110 689 2141 Laus
717 2109 786 2150 tibi,
813 2110 911 2151 Deus,
938 2111 1077 2150 penituS.

694 2215 755 2247 Ad
790 2216 976 2248 Primam.

186 2288 219 2320 1.
245 2286 347 2326 Deus,
373 2285 427 2325 qui
454 2284 497 2316 ad
522 2283 693 2323 imaginem

247 2335 350 2366 Tuam
377 2333 517 2365 creando
545 2331 702 2363 hominem

247 2383 344 2415 Hunc
369 2380 465 2422 paulo
492 2380 596 2412 minus
622 2378 738 2411 minuis

246 2431 299 2463 Ab
326 2429 450 2470 angelis
474 2428 631 2469 innocuis,

883 2285 917 2317 2.
945 2284 991 2315 Te
1017 2292 1093 2324 ergo
1119 2291 1189 2315 cum
1216 2284 1409 2324 hymnidicis

946 2332 1060 2364 Choris
1087 2332 1254 2364 laudamus
1281 2334 1419 2372 caelicis,

945 2380 1006 2419 Qui
1031 2389 1089 2412 nos
1114 2380 1147 2412 in
1174 2381 1277 2413 locum
1304 2383 1442 2422 suscipis

942 2428 1069 2460 Deiecti
1094 2429 1205 2462 mundi
1231 2430 1398 2470 principis.
