1651 2680
677 97 938 132 —239-

558 247 616 277 187.
658 248 700 278 De
722 256 746 278 s.
767 248 888 288 Angelo
911 249 1050 280 Custode.

142 343 252 383 Salve,
280 343 438 384 splendor
464 346 621 385 paradisi,
890 348 1130 388 Triuinphantis
1156 350 1292 391 patriae,

190 392 236 422 mi
263 391 404 433 gloriose
429 393 558 433 angele,
840 395 888 426 Tu
914 405 1026 427 norma
1051 397 1231 429 sanctitatis

141 438 252 481 Salve,
277 439 373 471 iubar
398 440 556 472 claritatis
888 443 1046 475 Divinalis
1072 444 1306 482 oboedientiae,

189 488 374 528 supernalis
401 489 519 521 curiae.
840 490 898 529 Tu,
910 491 962 531 qui
973 492 1032 522 mei
1043 501 1149 523 curam
1162 493 1294 531 (gratis)
1304 491 1466 534 accepisti,

140 537 224 575 Ave,
251 535 311 567 flos
336 535 602 577 immortalitatis,
887 539 928 570 ab
954 540 1039 570 omni
1066 539 1156 570 hoste
1182 544 1324 579 protege,

140 585 221 621 Ave,
248 592 373 624 gemma
397 584 563 624 puritatis,
839 585 883 617 Ut
908 587 1001 617 simul
1027 585 1231 626 perfruamur
1257 587 1387 628 [gloria]

140 633 222 673 Ave,
252 631 365 664 dulcor
391 632 535 663 caritatis
887 643 992 665 coram
1020 635 1172 667 immenso
1198 635 1312 667 iudice.

216 735 339 763 Missale
361 736 492 771 speciale
512 736 689 762 Toletanum
711 744 790 763 saec.
814 736 856 764 15.
899 739 970 765 Cod.
992 738 1128 764 Vatican.
1151 737 1234 765 «32⁶4.
1259 754 1293 757 —
1317 740 1370 765 Am
1386 740 1469 766 Eride

139 775 190 802 der
210 774 308 802 Messe
329 776 383 801 auf
399 774 456 800 (len
478 774 504 800 h.
527 775 723 810 Schutzengel
745 776 913 811 angehkingt
936 780 1020 803 linter
1041 777 1104 803 (lein
1127 777 1203 803 Titcl
1228 778 1354 810 ,‚Laus“.

602 944 660 975 188.
706 947 745 976 De
768 946 879 975 sancta
900 946 997 976 Anna.

152 1047 183 1080 1.
212 1045 337 1082 Gaude,
365 1044 442 1076 felix
469 1046 575 1081 Anna,
849 1046 879 1078 3.
909 1045 1032 1081 Gaude,
1061 1045 1135 1076 felix
1166 1048 1269 1085 Anna,

261 1097 365 1124 mater
390 1093 502 1123 matris
530 1091 660 1130 Christi,
955 1093 1027 1131 quia
1055 1092 1113 1124 tibi
1140 1094 1198 1124 soli

210 1143 246 1173 In
272 1141 352 1174 urbe
379 1141 418 1172 de
444 1140 637 1171 Bethlehem
908 1141 1079 1180 Competit.
1107 1146 1139 1171 ut
1165 1146 1265 1172 mater
1292 1142 1335 1173 sis

258 1193 335 1222 nata
360 1193 395 1220 tu
421 1186 522 1224 fuisti,
955 1189 1066 1220 matris
1092 1190 1177 1228 regis
1204 1190 1281 1229 poli,

209 1238 331 1279 Regum
358 1246 396 1269 ex
422 1236 576 1276 progenie
904 1236 1017 1268 Funde
1044 1245 1155 1276 preces
1182 1237 1268 1268 tiliae

256 1289 368 1318 sancta
394 1284 592 1326 processisti,
952 1284 1081 1324 filiaque
1109 1286 1203 1324 proli,

210 1334 305 1367 Unde
332 1333 444 1365 laudes
472 1331 598 1364 debitas
904 1333 945 1365 Ut
975 1332 1065 1363 uobis
1093 1342 1153 1363 non
1182 1337 1293 1363 noceat

234 1383 329 1423 digne
355 1381 572 1422 promeruisti.
953 1380 1097 1412 daemon.
1128 1381 1239 1411 doctor
1266 1381 1341 1414 doli.

149 1491 180 1522 2.
209 1487 332 1530 Gaude,
360 1486 438 1519 felix
463 1488 569 1525 Anna,
844 1489 875 1520 4.
905 1486 1027 1526 Gaude,
1058 1485 1134 1517 felix
1162 1488 1267 1523 Anna,

257 1537 312 1568 diu
339 1536 537 1576 desponsata
953 1535 992 1565 de
1019 1544 1080 1574 qua
1107 1538 1277 1573 procreata

209 1585 287 1617 Viro
312 1584 397 1616 iusto
423 1584 565 1615 Ioachim
906 1583 961 1614 Est
989 1583 1067 1614 haec
1094 1582 1183 1622 virgo
1211 1583 1378 1622 virginum,

256 1633 410 1674 proleque
436 1633 584 1673 privata3
951 1631 1057 1663 Maria
1083 1635 1208 1669 vocata,

208 1681 298 1714 Tunc
322 1681 382 1712 tibi
408 1680 448 1712 ab
475 1681 587 1720 angelo
904 1679 1022 1711 Nostra
1046 1680 1089 1710 sis
1117 1688 1186 1710 cum
1214 1678 1290 1714 filia,

254 1729 353 1762 verba
380 1733 451 1761 sunt
478 1729 617 1770 prolata,
951 1732 1062 1766 mater,
1091 1727 1260 1767 advocata,

208 1778 299 1818 Quod
324 1776 411 1809 felici
438 1777 532 1809 fieres
904 1776 943 1808 Ut
973 1785 1028 1806 nos
1056 1775 1157 1807 salvet
1179 1775 1306 1806 suboles

254 1826 362 1859 fructu
389 1826 573 1858 fecundata.
952 1824 1084 1863 virginis
1112 1823 1216 1855 beata.

560 1935 591 1964 3.
620 1931 745 1973 Gaude,
773 1930 850 1962 felix
875 1932 981 1970 Anna,

670 1980 724 2020 pia
748 1984 863 2019 mater,
888 1978 1019 2018 plaude,

619 2028 719 2061 Plena
746 2028 839 2059 melle
866 2036 977 2060 canna.

669 2085 726 2108 nos
750 2075 782 2107 in
811 2079 865 2107 tua
890 2076 985 2106 laude

624 2124 786 2164 Famulos‚
813 2133 842 2165 o,
869 2133 948 2154 sana

666 2171 811 2212 qualibet
836 2182 855 2204 a
884 2170 996 2203 fraude

622 2221 718 2259 Quasi
744 2220 807 2252 mel
834 2224 866 2251 et
891 2228 1024 2258 manna;

671 2267 750 2300 felix
777 2270 883 2307 Anna,
911 2267 1025 2306 gaude.

211 2380 284 2408 Clm.
319 2377 442 2405 Collect.
477 2385 530 2403 ms,
564 2373 726 2403 Libehardi
762 2374 869 2408 prioris
904 2371 1137 2400 Reichenbacen.
1172 2373 1241 2399 anni
1276 2369 1356 2399 1476.
1390 2370 1463 2398 Clm.

130 2421 285 2448 Monacen.
308 2414 392 2444 2990.
414 2430 452 2435 —
478 2415 502 2448 1,
525 2413 544 2441 4
565 2423 603 2441 na
625 2414 715 2440 fuisti.
741 2426 776 2432 -—
797 2410 824 2444 3,
848 2410 866 2439 2
887 2420 930 2447 sq.
952 2411 1094 2445 competit
1114 2410 1180 2437 soli.
