<?xml version="1.0" encoding="UTF-8"?>
<!DOCTYPE html PUBLIC "-//W3C//DTD XHTML 1.0 Transitional//EN"
    "http://www.w3.org/TR/xhtml1/DTD/xhtml1-transitional.dtd">
<html xmlns="http://www.w3.org/1999/xhtml" xml:lang="en" lang="en">
 <head>
  <title>
</title>
<meta http-equiv="Content-Type" content="text/html;charset=utf-8" />
  <meta name='ocr-system' content='tesseract 3.04.00' />
  <meta name='ocr-capabilities' content='ocr_page ocr_carea ocr_par ocr_line ocrx_word'/>
</head>
<body>
  <div class='ocr_page' id='page_1' title='image "./analectahymnica46drevuoft/analectahymnica46drevuoft_0129.png"; bbox 0 0 1651 2680; ppageno 0'>
   <div class='ocr_carea' id='block_1_1' title="bbox 742 46 992 81">
    <p class='ocr_par' dir='ltr' id='par_1_1' title="bbox 742 46 992 81">
     <span class='ocr_line' id='line_1_1' title="bbox 742 46 992 81; baseline 0 0"><span class='ocrx_word' id='word_1_1' title='bbox 742 46 992 81; x_wconf 83' lang='lat'>—126—</span> 
     </span>
    </p>
   </div>
   <div class='ocr_carea' id='block_1_2' title="bbox 223 141 754 419">
    <p class='ocr_par' dir='ltr' id='par_1_2' title="bbox 223 141 754 276">
     <span class='ocr_line' id='line_1_2' title="bbox 223 141 667 183; baseline -0.007 -8"><span class='ocrx_word' id='word_1_2' title='bbox 223 143 254 175; x_wconf 88' lang='grc'>3.</span> <span class='ocrx_word' id='word_1_3' title='bbox 282 141 330 174; x_wconf 84' lang='lat' dir='ltr'>De</span> <span class='ocrx_word' id='word_1_4' title='bbox 356 141 461 181; x_wconf 84' lang='lat' dir='ltr'>sigillo</span> <span class='ocrx_word' id='word_1_5' title='bbox 488 150 667 183; x_wconf 83' lang='lat' dir='ltr'>puerperae</span> 
     </span>
     <span class='ocr_line' id='line_1_3' title="bbox 280 189 754 231; baseline 0.002 -11"><span class='ocrx_word' id='word_1_6' title='bbox 280 189 440 221; x_wconf 83' lang='lat' dir='ltr'>Mirantur</span> <span class='ocrx_word' id='word_1_7' title='bbox 466 192 585 220; x_wconf 78' lang='lat' dir='ltr'>matres</span> <span class='ocrx_word' id='word_1_8' title='bbox 609 193 754 231; x_wconf 76' lang='lat' dir='ltr'>ceterae3</span> 
     </span>
     <span class='ocr_line' id='line_1_4' title="bbox 282 236 722 276; baseline 0 -8"><span class='ocrx_word' id='word_1_9' title='bbox 282 237 383 276; x_wconf 87' lang='lat' dir='ltr'>Patet,</span> <span class='ocrx_word' id='word_1_10' title='bbox 412 245 467 267; x_wconf 90' lang='lat' dir='ltr'>cnr</span> <span class='ocrx_word' id='word_1_11' title='bbox 493 237 577 268; x_wconf 87' lang='lat' dir='ltr'>sicco</span> <span class='ocrx_word' id='word_1_12' title='bbox 603 236 722 268; x_wconf 86' lang='lat' dir='ltr'>vellere</span> 
     </span>
    </p>

    <p class='ocr_par' dir='ltr' id='par_1_3' title="bbox 282 282 720 419">
     <span class='ocr_line' id='line_1_5' title="bbox 328 282 622 322; baseline -0.007 -5"><span class='ocrx_word' id='word_1_13' title='bbox 328 282 379 317; x_wconf 86' lang='lat' dir='ltr'>Sit</span> <span class='ocrx_word' id='word_1_14' title='bbox 403 293 478 315; x_wconf 86' lang='lat' dir='ltr'>area</span> <span class='ocrx_word' id='word_1_15' title='bbox 505 287 622 322; x_wconf 80' lang='lat' dir='ltr'>rorata,</span> 
     </span>
     <span class='ocr_line' id='line_1_6' title="bbox 329 331 720 371; baseline 0.003 -8"><span class='ocrx_word' id='word_1_16' title='bbox 329 334 407 363; x_wconf 79' lang='lat' dir='ltr'>Cum</span> <span class='ocrx_word' id='word_1_17' title='bbox 434 332 524 371; x_wconf 70' lang='lat' dir='ltr'>virgo</span> <span class='ocrx_word' id='word_1_18' title='bbox 548 331 720 364; x_wconf 77' lang='lat' dir='ltr'>fecundata</span> 
     </span>
     <span class='ocr_line' id='line_1_7' title="bbox 282 380 682 419; baseline 0 -8"><span class='ocrx_word' id='word_1_19' title='bbox 282 380 327 412; x_wconf 83' lang='lat' dir='ltr'>Sit</span> <span class='ocrx_word' id='word_1_20' title='bbox 351 380 418 411; x_wconf 86' lang='lat' dir='ltr'>sine</span> <span class='ocrx_word' id='word_1_21' title='bbox 445 380 549 411; x_wconf 82' lang='lat' dir='ltr'>carnis</span> <span class='ocrx_word' id='word_1_22' title='bbox 575 388 682 419; x_wconf 86' lang='lat' dir='ltr'>opere.</span> 
     </span>
    </p>
   </div>
   <div class='ocr_carea' id='block_1_3' title="bbox 222 475 805 753">
    <p class='ocr_par' dir='ltr' id='par_1_4' title="bbox 222 475 805 753">
     <span class='ocr_line' id='line_1_8' title="bbox 222 475 677 515; baseline -0.002 -7"><span class='ocrx_word' id='word_1_23' title='bbox 222 478 253 508; x_wconf 74' lang='lat'>4.</span> <span class='ocrx_word' id='word_1_24' title='bbox 282 475 487 515; x_wconf 58' lang='lat' dir='ltr'>virginitatis</span> <span class='ocrx_word' id='word_1_25' title='bbox 512 475 677 514; x_wconf 87' lang='lat' dir='ltr'>speculum</span> 
     </span>
     <span class='ocr_line' id='line_1_9' title="bbox 281 523 734 562; baseline 0 -8"><span class='ocrx_word' id='word_1_26' title='bbox 281 523 344 562; x_wconf 72' lang='lat' dir='ltr'>Spe</span> <span class='ocrx_word' id='word_1_27' title='bbox 369 526 516 562; x_wconf 82' lang='lat' dir='ltr'>penetrat</span> <span class='ocrx_word' id='word_1_28' title='bbox 543 524 584 554; x_wconf 89' lang='lat' dir='ltr'>ad</span> <span class='ocrx_word' id='word_1_29' title='bbox 611 523 734 554; x_wconf 86' lang='lat' dir='ltr'>oculum</span> 
     </span>
     <span class='ocr_line' id='line_1_10' title="bbox 279 571 805 602; baseline 0 0"><span class='ocrx_word' id='word_1_30' title='bbox 279 571 321 602; x_wconf 84' lang='lat' dir='ltr'>Et</span> <span class='ocrx_word' id='word_1_31' title='bbox 350 571 472 602; x_wconf 82' lang='lat' dir='ltr'>salvum</span> <span class='ocrx_word' id='word_1_32' title='bbox 500 574 603 602; x_wconf 85' lang='lat' dir='ltr'>manet</span> <span class='ocrx_word' id='word_1_33' title='bbox 633 571 805 602; x_wconf 77' lang='lat' dir='ltr'>vasculum.</span> 
     </span>
     <span class='ocr_line' id='line_1_11' title="bbox 326 618 750 659; baseline -0.005 -9"><span class='ocrx_word' id='word_1_34' title='bbox 326 619 421 657; x_wconf 66' lang='lat' dir='ltr'>Quid,</span> <span class='ocrx_word' id='word_1_35' title='bbox 449 618 572 659; x_wconf 83' lang='lat' dir='ltr'>zabule,</span> <span class='ocrx_word' id='word_1_36' title='bbox 600 618 750 650; x_wconf 75' lang='lat' dir='ltr'>miraris?</span> 
     </span>
     <span class='ocr_line' id='line_1_12' title="bbox 329 666 631 705; baseline -0.007 -7"><span class='ocrx_word' id='word_1_37' title='bbox 329 667 450 698; x_wconf 81' lang='lat' dir='ltr'>Secreti</span> <span class='ocrx_word' id='word_1_38' title='bbox 477 666 631 705; x_wconf 84' lang='lat' dir='ltr'>puellaris</span> 
     </span>
     <span class='ocr_line' id='line_1_13' title="bbox 278 713 750 753; baseline -0.002 -8"><span class='ocrx_word' id='word_1_39' title='bbox 278 713 441 752; x_wconf 84' lang='lat' dir='ltr'>Signatum</span> <span class='ocrx_word' id='word_1_40' title='bbox 469 719 515 745; x_wconf 88' lang='lat' dir='ltr'>est</span> <span class='ocrx_word' id='word_1_41' title='bbox 543 713 750 753; x_wconf 74' lang='lat' dir='ltr'>signaculum.</span> 
     </span>
    </p>
   </div>
   <div class='ocr_carea' id='block_1_4' title="bbox 908 141 1426 184">
    <p class='ocr_par' dir='ltr' id='par_1_5' title="bbox 908 141 1426 184">
     <span class='ocr_line' id='line_1_14' title="bbox 908 141 1426 184; baseline -0.006 -8"><span class='ocrx_word' id='word_1_42' title='bbox 908 146 940 176; x_wconf 88' lang='lat'>5.</span> <span class='ocrx_word' id='word_1_43' title='bbox 967 143 1083 184; x_wconf 81' lang='lat' dir='ltr'><strong>Mater,</strong></span> <span class='ocrx_word' id='word_1_44' title='bbox 1112 144 1200 183; x_wconf 87' lang='lat' dir='ltr'>virgo</span> <span class='ocrx_word' id='word_1_45' title='bbox 1225 146 1300 174; x_wconf 85' lang='lat' dir='ltr'>sunt</span> <span class='ocrx_word' id='word_1_46' title='bbox 1325 141 1426 182; x_wconf 85' lang='lat' dir='ltr'>paria,</span> 
     </span>
    </p>
   </div>
   <div class='ocr_carea' id='block_1_5' title="bbox 963 189 1459 421">
    <p class='ocr_par' dir='ltr' id='par_1_6' title="bbox 963 189 1398 230">
     <span class='ocr_line' id='line_1_15' title="bbox 963 189 1398 230; baseline -0.005 -8"><span class='ocrx_word' id='word_1_47' title='bbox 963 191 1049 230; x_wconf 87' lang='lat' dir='ltr'>Quae</span> <span class='ocrx_word' id='word_1_48' title='bbox 1072 189 1202 223; x_wconf 82' lang='lat' dir='ltr'>fuerant</span> <span class='ocrx_word' id='word_1_49' title='bbox 1226 189 1398 228; x_wconf 78' lang='lat' dir='ltr'>contraria,</span> 
     </span>
    </p>

    <p class='ocr_par' dir='ltr' id='par_1_7' title="bbox 966 236 1459 373">
     <span class='ocr_line' id='line_1_16' title="bbox 966 236 1459 277; baseline -0.002 -8"><span class='ocrx_word' id='word_1_50' title='bbox 966 238 1032 269; x_wconf 85' lang='lat' dir='ltr'>Nec</span> <span class='ocrx_word' id='word_1_51' title='bbox 1055 239 1118 270; x_wconf 84' lang='lat' dir='ltr'>iam</span> <span class='ocrx_word' id='word_1_52' title='bbox 1145 239 1204 271; x_wconf 86' lang='lat' dir='ltr'>hac</span> <span class='ocrx_word' id='word_1_53' title='bbox 1231 236 1459 277; x_wconf 83' lang='lat' dir='ltr'>consequentia</span> 
     </span>
     <span class='ocr_line' id='line_1_17' title="bbox 1012 286 1372 326; baseline -0.006 -8"><span class='ocrx_word' id='word_1_54' title='bbox 1012 287 1122 318; x_wconf 87' lang='lat' dir='ltr'>Potest</span> <span class='ocrx_word' id='word_1_55' title='bbox 1145 286 1372 326; x_wconf 86' lang='lat' dir='ltr'>argumentari,</span> 
     </span>
     <span class='ocr_line' id='line_1_18' title="bbox 1013 333 1415 373; baseline -0.005 -8"><span class='ocrx_word' id='word_1_56' title='bbox 1013 334 1095 366; x_wconf 88' lang='lat' dir='ltr'>Nam</span> <span class='ocrx_word' id='word_1_57' title='bbox 1121 335 1153 366; x_wconf 90' lang='lat' dir='ltr'>in</span> <span class='ocrx_word' id='word_1_58' title='bbox 1180 334 1239 366; x_wconf 87' lang='lat' dir='ltr'>hoc</span> <span class='ocrx_word' id='word_1_59' title='bbox 1261 333 1415 373; x_wconf 72' lang='lat' dir='ltr'>singulari</span> 
     </span>
    </p>

    <p class='ocr_par' dir='ltr' id='par_1_8' title="bbox 967 381 1381 421">
     <span class='ocr_line' id='line_1_19' title="bbox 967 381 1381 421; baseline -0.002 -8"><span class='ocrx_word' id='word_1_60' title='bbox 967 381 1120 414; x_wconf 80' lang='lat' dir='ltr'>Naturam</span> <span class='ocrx_word' id='word_1_61' title='bbox 1148 381 1245 413; x_wconf 89' lang='lat' dir='ltr'>vincit</span> <span class='ocrx_word' id='word_1_62' title='bbox 1268 381 1381 421; x_wconf 85' lang='lat' dir='ltr'>gratia.</span> 
     </span>
    </p>
   </div>
   <div class='ocr_carea' id='block_1_6' title="bbox 1630 353 1638 408">
    <p class='ocr_par' dir='ltr' id='par_1_9' title="bbox 1630 353 1638 408">
     <span class='ocr_line' id='line_1_20' title="bbox 1630 353 1638 408; textangle 90"><span class='ocrx_word' id='word_1_63' title='bbox 1630 353 1638 408; x_wconf 50' lang='lat' dir='ltr'>.-a</span> 
     </span>
    </p>
   </div>
   <div class='ocr_carea' id='block_1_7' title="bbox 965 476 1651 748">
    <p class='ocr_par' dir='ltr' id='par_1_10' title="bbox 965 476 1651 612">
     <span class='ocr_line' id='line_1_21' title="bbox 966 476 1335 509; baseline -0.008 0"><span class='ocrx_word' id='word_1_64' title='bbox 966 477 1098 509; x_wconf 86' lang='lat' dir='ltr'>Remoto</span> <span class='ocrx_word' id='word_1_65' title='bbox 1124 477 1195 507; x_wconf 88' lang='lat' dir='ltr'>velo</span> <span class='ocrx_word' id='word_1_66' title='bbox 1220 476 1335 508; x_wconf 84' lang='lat' dir='ltr'>literae</span> 
     </span>
     <span class='ocr_line' id='line_1_22' title="bbox 965 493 1651 563; baseline -0.003 -8"><span class='ocrx_word' id='word_1_67' title='bbox 965 525 1071 563; x_wconf 86' lang='lat' dir='ltr'><strong>Moysi</strong></span> <span class='ocrx_word' id='word_1_68' title='bbox 1097 525 1147 555; x_wconf 90' lang='lat' dir='ltr'>lac</span> <span class='ocrx_word' id='word_1_69' title='bbox 1171 524 1212 555; x_wconf 88' lang='lat' dir='ltr'>ab</span> <span class='ocrx_word' id='word_1_70' title='bbox 1239 524 1337 555; x_wconf 86' lang='lat' dir='ltr'>ubere</span> <span class='ocrx_word' id='word_1_71' title='bbox 1634 493 1651 553; x_wconf 52' lang='grc' dir='ltr'><strong>ς</strong></span> 
     </span>
     <span class='ocr_line' id='line_1_23' title="bbox 967 571 1430 612; baseline -0.006 -9"><span class='ocrx_word' id='word_1_72' title='bbox 967 572 1090 612; x_wconf 84' lang='lat' dir='ltr'>Sponsa</span> <span class='ocrx_word' id='word_1_73' title='bbox 1115 572 1201 603; x_wconf 85' lang='lat' dir='ltr'>suxit</span> <span class='ocrx_word' id='word_1_74' title='bbox 1225 571 1258 602; x_wconf 91' lang='lat' dir='ltr'>in</span> <span class='ocrx_word' id='word_1_75' title='bbox 1286 579 1430 610; x_wconf 85' lang='lat' dir='ltr'>vespere,</span> 
     </span>
    </p>

    <p class='ocr_par' dir='ltr' id='par_1_11' title="bbox 1013 619 1403 658">
     <span class='ocr_line' id='line_1_24' title="bbox 1013 619 1403 658; baseline -0.003 -8"><span class='ocrx_word' id='word_1_76' title='bbox 1013 619 1095 650; x_wconf 89' lang='lat' dir='ltr'>Dum</span> <span class='ocrx_word' id='word_1_77' title='bbox 1122 620 1211 658; x_wconf 83' lang='lat' dir='ltr'>virgo</span> <span class='ocrx_word' id='word_1_78' title='bbox 1235 619 1403 657; x_wconf 82' lang='lat' dir='ltr'>salutatur,</span> 
     </span>
    </p>

    <p class='ocr_par' dir='ltr' id='par_1_12' title="bbox 965 666 1435 748">
     <span class='ocr_line' id='line_1_25' title="bbox 1014 666 1378 698; baseline -0.005 0"><span class='ocrx_word' id='word_1_79' title='bbox 1014 667 1057 698; x_wconf 89' lang='lat' dir='ltr'>Et</span> <span class='ocrx_word' id='word_1_80' title='bbox 1082 667 1173 698; x_wconf 90' lang='lat' dir='ltr'>nobis</span> <span class='ocrx_word' id='word_1_81' title='bbox 1201 666 1378 698; x_wconf 79' lang='lat' dir='ltr'>distillatur</span> 
     </span>
     <span class='ocr_line' id='line_1_26' title="bbox 965 713 1435 748; baseline -0.002 -2"><span class='ocrx_word' id='word_1_82' title='bbox 965 715 1030 746; x_wconf 91' lang='lat' dir='ltr'>Ros</span> <span class='ocrx_word' id='word_1_83' title='bbox 1057 714 1202 746; x_wconf 86' lang='lat' dir='ltr'>caelestis</span> <span class='ocrx_word' id='word_1_84' title='bbox 1229 713 1269 745; x_wconf 89' lang='lat' dir='ltr'>ab</span> <span class='ocrx_word' id='word_1_85' title='bbox 1295 714 1435 748; x_wconf 81' lang='lat' dir='ltr'>aethere.</span> 
     </span>
    </p>
   </div>
   <div class='ocr_carea' id='block_1_8' title="bbox 209 806 1521 879">
    <p class='ocr_par' dir='ltr' id='par_1_13' title="bbox 209 806 1521 879">
     <span class='ocr_line' id='line_1_27' title="bbox 284 806 1521 836; baseline 0 -1"><span class='ocrx_word' id='word_1_86' title='bbox 284 808 402 835; x_wconf 62' lang='lat' dir='ltr'>collect.</span> <span class='ocrx_word' id='word_1_87' title='bbox 432 818 483 834; x_wconf 71' lang='lat' dir='ltr'>ms.</span> <span class='ocrx_word' id='word_1_88' title='bbox 506 808 673 834; x_wconf 69' lang='lat' dir='ltr'>Veronense</span> <span class='ocrx_word' id='word_1_89' title='bbox 699 817 773 835; x_wconf 68' lang='lat' dir='ltr'>saec.</span> <span class='ocrx_word' id='word_1_90' title='bbox 802 806 845 835; x_wconf 88' lang='lat'>14.</span> <span class='ocrx_word' id='word_1_91' title='bbox 886 808 954 835; x_wconf 86' lang='lat' dir='ltr'>Cod.</span> <span class='ocrx_word' id='word_1_92' title='bbox 977 810 1118 836; x_wconf 85' lang='lat' dir='ltr'>Oxonien.</span> <span class='ocrx_word' id='word_1_93' title='bbox 1142 809 1251 836; x_wconf 80' lang='lat' dir='ltr'>Canon.</span> <span class='ocrx_word' id='word_1_94' title='bbox 1273 808 1396 836; x_wconf 89' lang='lat' dir='ltr'>Miscell.</span> <span class='ocrx_word' id='word_1_95' title='bbox 1418 807 1463 836; x_wconf 86' lang='lat'>95.</span> <span class='ocrx_word' id='word_1_96' title='bbox 1484 823 1521 828; x_wconf 93' lang='lat'>—-</span> 
     </span>
     <span class='ocr_line' id='line_1_28' title="bbox 209 844 1207 879; baseline 0.002 -8"><span class='ocrx_word' id='word_1_97' title='bbox 209 846 233 877; x_wconf 76' lang='lat'>5,</span> <span class='ocrx_word' id='word_1_98' title='bbox 258 845 269 872; x_wconf 90' lang='lat' dir='ltr'>l</span> <span class='ocrx_word' id='word_1_99' title='bbox 295 844 388 876; x_wconf 69' lang='lat' dir='ltr'>Pater,</span> <span class='ocrx_word' id='word_1_100' title='bbox 412 848 504 879; x_wconf 55' lang='lat' dir='ltr'>virga.</span> <span class='ocrx_word' id='word_1_101' title='bbox 527 861 561 864; x_wconf 95' lang='lat'><strong>—</strong></span> <span class='ocrx_word' id='word_1_102' title='bbox 585 846 733 873; x_wconf 49' lang='lat' dir='ltr'>Abs-christ</span> <span class='ocrx_word' id='word_1_103' title='bbox 752 855 810 873; x_wconf 85' lang='lat' dir='ltr'>von</span> <span class='ocrx_word' id='word_1_104' title='bbox 829 847 899 874; x_wconf 74' lang='lat' dir='ltr'>Rev,</span> <span class='ocrx_word' id='word_1_105' title='bbox 921 846 960 873; x_wconf 88' lang='lat' dir='ltr'>H.</span> <span class='ocrx_word' id='word_1_106' title='bbox 980 847 1020 873; x_wconf 85' lang='lat' dir='ltr'>M.</span> <span class='ocrx_word' id='word_1_107' title='bbox 1043 848 1207 874; x_wconf 75' lang='lat' dir='ltr'>Bannister.</span> 
     </span>
    </p>
   </div>
   <div class='ocr_carea' id='block_1_9' title="bbox 626 997 1099 1037">
    <p class='ocr_par' dir='ltr' id='par_1_14' title="bbox 626 997 1099 1037">
     <span class='ocr_line' id='line_1_29' title="bbox 626 997 1099 1037; baseline 0.004 -11"><span class='ocrx_word' id='word_1_108' title='bbox 626 997 669 1027; x_wconf 86' lang='lat'>79.</span> <span class='ocrx_word' id='word_1_109' title='bbox 711 997 752 1026; x_wconf 79' lang='lat' dir='ltr'>De</span> <span class='ocrx_word' id='word_1_110' title='bbox 775 997 991 1037; x_wconf 74' lang='lat' dir='ltr'>compassione</span> <span class='ocrx_word' id='word_1_111' title='bbox 1014 997 1099 1028; x_wconf 67' lang='lat' dir='ltr'><strong>BMV.</strong></span> 
     </span>
    </p>
   </div>
   <div class='ocr_carea' id='block_1_10' title="bbox 220 1095 804 1367">
    <p class='ocr_par' dir='ltr' id='par_1_15' title="bbox 220 1095 804 1367">
     <span class='ocr_line' id='line_1_30' title="bbox 220 1095 652 1136; baseline 0 -10"><span class='ocrx_word' id='word_1_112' title='bbox 220 1096 248 1126; x_wconf 93' lang='lat'>1.</span> <span class='ocrx_word' id='word_1_113' title='bbox 277 1095 301 1126; x_wconf 92' lang='grc' dir='ltr'><strong>Ο</strong></span> <span class='ocrx_word' id='word_1_114' title='bbox 329 1095 443 1136; x_wconf 81' lang='lat' dir='ltr'>Maria,</span> <span class='ocrx_word' id='word_1_115' title='bbox 471 1096 652 1136; x_wconf 79' lang='lat' dir='ltr'>recordare,</span> 
     </span>
     <span class='ocr_line' id='line_1_31' title="bbox 279 1142 702 1175; baseline 0.005 -3"><span class='ocrx_word' id='word_1_116' title='bbox 279 1142 362 1173; x_wconf 86' lang='lat' dir='ltr'>Dum</span> <span class='ocrx_word' id='word_1_117' title='bbox 388 1142 419 1172; x_wconf 92' lang='lat' dir='ltr'>in</span> <span class='ocrx_word' id='word_1_118' title='bbox 447 1142 519 1174; x_wconf 90' lang='lat' dir='ltr'>sinu</span> <span class='ocrx_word' id='word_1_119' title='bbox 546 1143 702 1175; x_wconf 85' lang='lat' dir='ltr'>collocare</span> 
     </span>
     <span class='ocr_line' id='line_1_32' title="bbox 324 1189 804 1229; baseline 0.004 -9"><span class='ocrx_word' id='word_1_120' title='bbox 324 1189 490 1229; x_wconf 87' lang='lat' dir='ltr'>Sumptum</span> <span class='ocrx_word' id='word_1_121' title='bbox 518 1190 557 1221; x_wconf 86' lang='lat' dir='ltr'>de</span> <span class='ocrx_word' id='word_1_122' title='bbox 586 1200 680 1222; x_wconf 78' lang='lat' dir='ltr'>cruce</span> <span class='ocrx_word' id='word_1_123' title='bbox 705 1190 804 1222; x_wconf 87' lang='lat' dir='ltr'>filium</span> 
     </span>
     <span class='ocr_line' id='line_1_33' title="bbox 277 1238 656 1277; baseline 0.003 -9"><span class='ocrx_word' id='word_1_124' title='bbox 277 1238 359 1268; x_wconf 85' lang='lat' dir='ltr'>Prae</span> <span class='ocrx_word' id='word_1_125' title='bbox 385 1247 491 1269; x_wconf 83' lang='lat' dir='ltr'>amore</span> <span class='ocrx_word' id='word_1_126' title='bbox 518 1238 656 1277; x_wconf 87' lang='lat' dir='ltr'>voluisti,</span> 
     </span>
     <span class='ocr_line' id='line_1_34' title="bbox 276 1285 776 1326; baseline 0.002 -10"><span class='ocrx_word' id='word_1_127' title='bbox 276 1288 342 1322; x_wconf 70' lang='lat' dir='ltr'>Quo</span> <span class='ocrx_word' id='word_1_128' title='bbox 371 1285 480 1316; x_wconf 89' lang='lat' dir='ltr'>dolore</span> <span class='ocrx_word' id='word_1_129' title='bbox 507 1286 587 1316; x_wconf 86' lang='lat' dir='ltr'>hunc</span> <span class='ocrx_word' id='word_1_130' title='bbox 613 1287 776 1326; x_wconf 86' lang='lat' dir='ltr'>planxisti,</span> 
     </span>
     <span class='ocr_line' id='line_1_35' title="bbox 327 1332 718 1367; baseline 0.01 -4"><span class='ocrx_word' id='word_1_131' title='bbox 327 1332 397 1363; x_wconf 82' lang='lat' dir='ltr'>Dic.</span> <span class='ocrx_word' id='word_1_132' title='bbox 426 1333 582 1364; x_wconf 79' lang='lat' dir='ltr'>castitatis</span> <span class='ocrx_word' id='word_1_133' title='bbox 607 1333 718 1367; x_wconf 89' lang='lat' dir='ltr'>lilium.</span> 
     </span>
    </p>
   </div>
   <div class='ocr_carea' id='block_1_11' title="bbox 218 1429 236 1459">
    <p class='ocr_par' dir='ltr' id='par_1_16' title="bbox 218 1429 236 1459">
     <span class='ocr_line' id='line_1_36' title="bbox 218 1429 236 1459; textangle 90"><span class='ocrx_word' id='word_1_134' title='bbox 218 1429 236 1459; x_wconf 66' lang='grc' dir='ltr'>[ὓ</span> 
     </span>
    </p>
   </div>
   <div class='ocr_carea' id='block_1_12' title="bbox 243 1428 807 1700">
    <p class='ocr_par' dir='ltr' id='par_1_17' title="bbox 243 1428 807 1700">
     <span class='ocr_line' id='line_1_37' title="bbox 243 1428 784 1471; baseline 0.004 -13"><span class='ocrx_word' id='word_1_135' title='bbox 243 1452 248 1458; x_wconf 97' lang='grc'><em>.</em></span> <span class='ocrx_word' id='word_1_136' title='bbox 279 1428 377 1466; x_wconf 80' lang='lat' dir='ltr'>Quam</span> <span class='ocrx_word' id='word_1_137' title='bbox 404 1428 555 1459; x_wconf 80' lang='lat' dir='ltr'>ardenter</span> <span class='ocrx_word' id='word_1_138' title='bbox 580 1429 784 1471; x_wconf 85' lang='lat' dir='ltr'>amplexaris,</span> 
     </span>
     <span class='ocr_line' id='line_1_38' title="bbox 279 1476 693 1514; baseline 0 -7"><span class='ocrx_word' id='word_1_139' title='bbox 279 1476 503 1514; x_wconf 74' lang='lat' dir='ltr'>Amplexando</span> <span class='ocrx_word' id='word_1_140' title='bbox 529 1477 693 1514; x_wconf 73' lang='lat' dir='ltr'>oscularis,</span> 
     </span>
     <span class='ocr_line' id='line_1_39' title="bbox 322 1523 700 1556; baseline 0.005 -2"><span class='ocrx_word' id='word_1_141' title='bbox 322 1523 546 1555; x_wconf 84' lang='lat' dir='ltr'>Deosculando</span> <span class='ocrx_word' id='word_1_142' title='bbox 572 1524 700 1556; x_wconf 87' lang='lat' dir='ltr'>flumine</span> 
     </span>
     <span class='ocr_line' id='line_1_40' title="bbox 274 1571 807 1614; baseline 0.004 -13"><span class='ocrx_word' id='word_1_143' title='bbox 274 1571 493 1602; x_wconf 82' lang='lat' dir='ltr'>Lacrimarum</span> <span class='ocrx_word' id='word_1_144' title='bbox 522 1573 604 1603; x_wconf 74' lang='lat' dir='ltr'>hunc</span> <span class='ocrx_word' id='word_1_145' title='bbox 631 1571 807 1614; x_wconf 87' lang='lat' dir='ltr'>perfundis,</span> 
     </span>
     <span class='ocr_line' id='line_1_41' title="bbox 274 1619 759 1658; baseline 0.006 -10"><span class='ocrx_word' id='word_1_146' title='bbox 274 1619 357 1658; x_wconf 81' lang='lat' dir='ltr'>Quas</span> <span class='ocrx_word' id='word_1_147' title='bbox 383 1620 538 1658; x_wconf 80' lang='lat' dir='ltr'>gemendo</span> <span class='ocrx_word' id='word_1_148' title='bbox 564 1625 598 1650; x_wconf 90' lang='lat' dir='ltr'>tu</span> <span class='ocrx_word' id='word_1_149' title='bbox 625 1620 759 1651; x_wconf 75' lang='lat' dir='ltr'>effundis</span> 
     </span>
     <span class='ocr_line' id='line_1_42' title="bbox 324 1667 712 1700; baseline 0.008 -4"><span class='ocrx_word' id='word_1_150' title='bbox 324 1667 388 1698; x_wconf 88' lang='lat' dir='ltr'>Pro</span> <span class='ocrx_word' id='word_1_151' title='bbox 414 1667 557 1698; x_wconf 80' lang='lat' dir='ltr'>extincto</span> <span class='ocrx_word' id='word_1_152' title='bbox 584 1668 712 1700; x_wconf 88' lang='lat' dir='ltr'>lumine.</span> 
     </span>
    </p>
   </div>
   <div class='ocr_carea' id='block_1_13' title="bbox 215 1761 766 2033">
    <p class='ocr_par' dir='ltr' id='par_1_18' title="bbox 215 1761 766 2033">
     <span class='ocr_line' id='line_1_43' title="bbox 215 1761 644 1804; baseline 0.002 -11"><span class='ocrx_word' id='word_1_153' title='bbox 215 1762 246 1793; x_wconf 82' lang='lat'>3.</span> <span class='ocrx_word' id='word_1_154' title='bbox 273 1761 299 1793; x_wconf 90' lang='lat' dir='ltr'>O</span> <span class='ocrx_word' id='word_1_155' title='bbox 324 1770 439 1793; x_wconf 76' lang='lat' dir='ltr'>aurora</span> <span class='ocrx_word' id='word_1_156' title='bbox 465 1763 531 1793; x_wconf 88' lang='lat' dir='ltr'>veri</span> <span class='ocrx_word' id='word_1_157' title='bbox 558 1762 644 1804; x_wconf 75' lang='lat' dir='ltr'>sotiS,</span> 
     </span>
     <span class='ocr_line' id='line_1_44' title="bbox 274 1809 766 1852; baseline 0.006 -13"><span class='ocrx_word' id='word_1_158' title='bbox 274 1809 378 1840; x_wconf 84' lang='lat' dir='ltr'>Patris</span> <span class='ocrx_word' id='word_1_159' title='bbox 406 1818 532 1849; x_wconf 77' lang='lat' dir='ltr'>parens,</span> <span class='ocrx_word' id='word_1_160' title='bbox 555 1816 630 1841; x_wconf 87' lang='lat' dir='ltr'>nata</span> <span class='ocrx_word' id='word_1_161' title='bbox 656 1811 766 1852; x_wconf 89' lang='lat' dir='ltr'>prolis,</span> 
     </span>
     <span class='ocr_line' id='line_1_45' title="bbox 320 1858 725 1896; baseline 0.002 -8"><span class='ocrx_word' id='word_1_162' title='bbox 320 1858 478 1889; x_wconf 85' lang='lat' dir='ltr'>Aeteruae</span> <span class='ocrx_word' id='word_1_163' title='bbox 505 1858 583 1889; x_wconf 91' lang='lat' dir='ltr'>lucis</span> <span class='ocrx_word' id='word_1_164' title='bbox 610 1859 725 1896; x_wconf 78' lang='lat' dir='ltr'>oriens,</span> 
     </span>
     <span class='ocr_line' id='line_1_46' title="bbox 277 1905 650 1945; baseline 0.008 -11"><span class='ocrx_word' id='word_1_165' title='bbox 277 1905 388 1936; x_wconf 70' lang='lat' dir='ltr'>Vultus</span> <span class='ocrx_word' id='word_1_166' title='bbox 415 1906 459 1936; x_wconf 88' lang='lat' dir='ltr'>tui</span> <span class='ocrx_word' id='word_1_167' title='bbox 487 1906 650 1945; x_wconf 79' lang='lat' dir='ltr'>virginalis</span> 
     </span>
     <span class='ocr_line' id='line_1_47' title="bbox 273 1952 659 1985; baseline 0.005 -2"><span class='ocrx_word' id='word_1_168' title='bbox 273 1952 402 1984; x_wconf 85' lang='lat' dir='ltr'>Rubens</span> <span class='ocrx_word' id='word_1_169' title='bbox 430 1954 526 1984; x_wconf 86' lang='lat' dir='ltr'>decor</span> <span class='ocrx_word' id='word_1_170' title='bbox 552 1954 659 1985; x_wconf 86' lang='lat' dir='ltr'>lilialis</span> 
     </span>
     <span class='ocr_line' id='line_1_48' title="bbox 326 2000 760 2033; baseline 0.007 -3"><span class='ocrx_word' id='word_1_171' title='bbox 326 2000 475 2031; x_wconf 85' lang='lat' dir='ltr'>Pallescit</span> <span class='ocrx_word' id='word_1_172' title='bbox 502 2001 587 2032; x_wconf 82' lang='lat' dir='ltr'>velut</span> <span class='ocrx_word' id='word_1_173' title='bbox 613 2001 760 2033; x_wconf 86' lang='lat' dir='ltr'>moriens.</span> 
     </span>
    </p>
   </div>
   <div class='ocr_carea' id='block_1_14' title="bbox 218 2096 830 2375">
    <p class='ocr_par' dir='ltr' id='par_1_19' title="bbox 218 2096 830 2375">
     <span class='ocr_line' id='line_1_49' title="bbox 218 2096 829 2137; baseline 0.002 -10"><span class='ocrx_word' id='word_1_174' title='bbox 218 2097 250 2127; x_wconf 85' lang='lat'>4.</span> <span class='ocrx_word' id='word_1_175' title='bbox 277 2096 354 2127; x_wconf 90' lang='lat' dir='ltr'>Cum</span> <span class='ocrx_word' id='word_1_176' title='bbox 381 2105 458 2135; x_wconf 86' lang='lat' dir='ltr'>prae</span> <span class='ocrx_word' id='word_1_177' title='bbox 485 2097 606 2129; x_wconf 89' lang='lat' dir='ltr'>cunctis</span> <span class='ocrx_word' id='word_1_178' title='bbox 629 2097 687 2129; x_wconf 87' lang='lat' dir='ltr'>tibi</span> <span class='ocrx_word' id='word_1_179' title='bbox 705 2101 829 2137; x_wconf 81' lang='lat' dir='ltr'>gratum</span> 
     </span>
     <span class='ocr_line' id='line_1_50' title="bbox 278 2143 826 2188; baseline 0.004 -14"><span class='ocrx_word' id='word_1_180' title='bbox 278 2143 416 2182; x_wconf 87' lang='lat' dir='ltr'>Patrem,</span> <span class='ocrx_word' id='word_1_181' title='bbox 436 2153 585 2184; x_wconf 87' lang='lat' dir='ltr'>sponsum</span> <span class='ocrx_word' id='word_1_182' title='bbox 604 2153 642 2176; x_wconf 84' lang='lat' dir='ltr'>ex</span> <span class='ocrx_word' id='word_1_183' title='bbox 662 2149 692 2176; x_wconf 89' lang='lat' dir='ltr'>te</span> <span class='ocrx_word' id='word_1_184' title='bbox 710 2148 826 2188; x_wconf 83' lang='lat' dir='ltr'>natum,</span> 
     </span>
     <span class='ocr_line' id='line_1_51' title="bbox 325 2190 829 2235; baseline 0.006 -14"><span class='ocrx_word' id='word_1_185' title='bbox 325 2190 483 2223; x_wconf 83' lang='lat' dir='ltr'>Dilectum</span> <span class='ocrx_word' id='word_1_186' title='bbox 506 2201 629 2232; x_wconf 89' lang='lat' dir='ltr'>quoque</span> <span class='ocrx_word' id='word_1_187' title='bbox 647 2193 829 2235; x_wconf 89' lang='lat' dir='ltr'>Dominum,</span> 
     </span>
     <span class='ocr_line' id='line_1_52' title="bbox 273 2238 768 2282; baseline 0.006 -13"><span class='ocrx_word' id='word_1_188' title='bbox 273 2238 387 2270; x_wconf 89' lang='lat' dir='ltr'>Totum</span> <span class='ocrx_word' id='word_1_189' title='bbox 415 2249 527 2271; x_wconf 84' lang='lat' dir='ltr'>cernas</span> <span class='ocrx_word' id='word_1_190' title='bbox 555 2241 768 2282; x_wconf 78' lang='lat' dir='ltr'>vulnerosum‚</span> 
     </span>
     <span class='ocr_line' id='line_1_53' title="bbox 271 2286 760 2328; baseline 0.006 -11"><span class='ocrx_word' id='word_1_191' title='bbox 271 2286 366 2325; x_wconf 85' lang='lat' dir='ltr'>Quem</span> <span class='ocrx_word' id='word_1_192' title='bbox 396 2291 429 2318; x_wconf 88' lang='lat' dir='ltr'>tu</span> <span class='ocrx_word' id='word_1_193' title='bbox 456 2287 558 2319; x_wconf 84' lang='lat' dir='ltr'>forma</span> <span class='ocrx_word' id='word_1_194' title='bbox 583 2289 760 2328; x_wconf 89' lang='lat' dir='ltr'>speciosum</span> 
     </span>
     <span class='ocr_line' id='line_1_54' title="bbox 323 2335 830 2375; baseline 0.006 -9"><span class='ocrx_word' id='word_1_195' title='bbox 323 2335 408 2367; x_wconf 85' lang='lat' dir='ltr'>Pasti</span> <span class='ocrx_word' id='word_1_196' title='bbox 442 2345 521 2375; x_wconf 86' lang='lat' dir='ltr'>prae</span> <span class='ocrx_word' id='word_1_197' title='bbox 548 2338 630 2368; x_wconf 86' lang='lat' dir='ltr'>natis</span> <span class='ocrx_word' id='word_1_198' title='bbox 659 2337 830 2369; x_wconf 87' lang='lat' dir='ltr'>hominum.</span> 
     </span>
    </p>
   </div>
   <div class='ocr_carea' id='block_1_15' title="bbox 906 1098 1454 1139">
    <p class='ocr_par' dir='ltr' id='par_1_20' title="bbox 906 1098 1454 1139">
     <span class='ocr_line' id='line_1_55' title="bbox 906 1098 1454 1139; baseline -0.004 -9"><span class='ocrx_word' id='word_1_199' title='bbox 906 1101 936 1130; x_wconf 88' lang='lat'>5.</span> <span class='ocrx_word' id='word_1_200' title='bbox 967 1098 1087 1133; x_wconf 76' lang='lat' dir='ltr'>Cernis.</span> <span class='ocrx_word' id='word_1_201' title='bbox 1114 1098 1254 1139; x_wconf 83' lang='lat' dir='ltr'>inquam,</span> <span class='ocrx_word' id='word_1_202' title='bbox 1283 1098 1454 1138; x_wconf 81' lang='lat' dir='ltr'>pretiatum</span> 
     </span>
    </p>
   </div>
   <div class='ocr_carea' id='block_1_16' title="bbox 900 1766 916 1797">
    <p class='ocr_par' dir='ltr' id='par_1_21' title="bbox 900 1766 916 1797">
     <span class='ocr_line' id='line_1_56' title="bbox 900 1766 916 1797; textangle 90"><span class='ocrx_word' id='word_1_203' title='bbox 900 1766 916 1797; x_wconf 51' lang='lat' dir='ltr'>xl</span> 
     </span>
    </p>
   </div>
   <div class='ocr_carea' id='block_1_17' title="bbox 901 2099 932 2131">
    <p class='ocr_par' dir='ltr' id='par_1_22' title="bbox 901 2099 932 2131">
     <span class='ocr_line' id='line_1_57' title="bbox 901 2099 932 2131; baseline 0.032 -1"><span class='ocrx_word' id='word_1_204' title='bbox 901 2099 932 2131; x_wconf 84' lang='grc'>8.</span> 
     </span>
    </p>
   </div>
   <div class='ocr_carea' id='block_1_18' title="bbox 962 1145 1457 1375">
    <p class='ocr_par' dir='ltr' id='par_1_23' title="bbox 963 1145 1389 1231">
     <span class='ocr_line' id='line_1_58' title="bbox 963 1145 1389 1185; baseline 0 -9"><span class='ocrx_word' id='word_1_205' title='bbox 963 1145 1060 1184; x_wconf 80' lang='lat' dir='ltr'>Male,</span> <span class='ocrx_word' id='word_1_206' title='bbox 1087 1146 1176 1185; x_wconf 87' lang='lat' dir='ltr'>peius</span> <span class='ocrx_word' id='word_1_207' title='bbox 1203 1146 1389 1185; x_wconf 84' lang='lat' dir='ltr'>osculatum,</span> 
     </span>
     <span class='ocr_line' id='line_1_59' title="bbox 1011 1192 1383 1231; baseline 0 -7"><span class='ocrx_word' id='word_1_208' title='bbox 1011 1192 1093 1224; x_wconf 85' lang='lat' dir='ltr'>Nam</span> <span class='ocrx_word' id='word_1_209' title='bbox 1119 1201 1174 1224; x_wconf 82' lang='lat' dir='ltr'>ore</span> <span class='ocrx_word' id='word_1_210' title='bbox 1199 1193 1383 1231; x_wconf 74' lang='lat' dir='ltr'>traditorie,</span> 
     </span>
    </p>

    <p class='ocr_par' dir='ltr' id='par_1_24' title="bbox 962 1240 1375 1281">
     <span class='ocr_line' id='line_1_60' title="bbox 962 1240 1375 1281; baseline 0 -10"><span class='ocrx_word' id='word_1_211' title='bbox 962 1240 1014 1271; x_wconf 86' lang='lat' dir='ltr'>Ab</span> <span class='ocrx_word' id='word_1_212' title='bbox 1040 1241 1149 1271; x_wconf 84' lang='lat' dir='ltr'>amicis</span> <span class='ocrx_word' id='word_1_213' title='bbox 1177 1241 1375 1281; x_wconf 75' lang='lat' dir='ltr'>derelictum,</span> 
     </span>
    </p>

    <p class='ocr_par' dir='ltr' id='par_1_25' title="bbox 964 1287 1457 1375">
     <span class='ocr_line' id='line_1_61' title="bbox 964 1287 1457 1327; baseline -0.002 -8"><span class='ocrx_word' id='word_1_214' title='bbox 964 1287 1176 1327; x_wconf 79' lang='lat' dir='ltr'>Captivatum,</span> <span class='ocrx_word' id='word_1_215' title='bbox 1205 1289 1285 1319; x_wconf 91' lang='lat' dir='ltr'>dure</span> <span class='ocrx_word' id='word_1_216' title='bbox 1311 1289 1457 1319; x_wconf 87' lang='lat' dir='ltr'>strictum</span> 
     </span>
     <span class='ocr_line' id='line_1_62' title="bbox 1011 1335 1372 1375; baseline 0.003 -9"><span class='ocrx_word' id='word_1_217' title='bbox 1011 1335 1086 1367; x_wconf 91' lang='lat' dir='ltr'>Cum</span> <span class='ocrx_word' id='word_1_218' title='bbox 1112 1335 1188 1367; x_wconf 83' lang='lat' dir='ltr'>fune</span> <span class='ocrx_word' id='word_1_219' title='bbox 1213 1336 1372 1375; x_wconf 71' lang='lat' dir='ltr'>ligatario,</span> 
     </span>
    </p>
   </div>
   <div class='ocr_carea' id='block_1_19' title="bbox 930 1431 1516 1472">
    <p class='ocr_par' dir='ltr' id='par_1_26' title="bbox 930 1431 1516 1472">
     <span class='ocr_line' id='line_1_63' title="bbox 930 1431 1516 1472; baseline -0.002 -9"><span class='ocrx_word' id='word_1_220' title='bbox 930 1457 936 1463; x_wconf 93' lang='lat'><em>.</em></span> <span class='ocrx_word' id='word_1_221' title='bbox 965 1431 1117 1462; x_wconf 81' lang='lat' dir='ltr'>Punctum</span> <span class='ocrx_word' id='word_1_222' title='bbox 1136 1433 1250 1471; x_wconf 82' lang='lat' dir='ltr'>pugnis</span> <span class='ocrx_word' id='word_1_223' title='bbox 1268 1436 1363 1471; x_wconf 87' lang='lat' dir='ltr'>atque</span> <span class='ocrx_word' id='word_1_224' title='bbox 1383 1438 1516 1472; x_wconf 86' lang='lat' dir='ltr'>trusum,</span> 
     </span>
    </p>
   </div>
   <div class='ocr_carea' id='block_1_20' title="bbox 961 1478 1517 1704">
    <p class='ocr_par' dir='ltr' id='par_1_27' title="bbox 962 1478 1517 1570">
     <span class='ocr_line' id='line_1_64' title="bbox 962 1478 1436 1519; baseline 0.002 -10"><span class='ocrx_word' id='word_1_225' title='bbox 962 1478 1060 1519; x_wconf 78' lang='lat' dir='ltr'>Proh,</span> <span class='ocrx_word' id='word_1_226' title='bbox 1090 1480 1224 1511; x_wconf 82' lang='lat' dir='ltr'>velatum</span> <span class='ocrx_word' id='word_1_227' title='bbox 1252 1485 1283 1511; x_wconf 86' lang='lat' dir='ltr'>et</span> <span class='ocrx_word' id='word_1_228' title='bbox 1308 1480 1436 1512; x_wconf 88' lang='lat' dir='ltr'>illusum</span> 
     </span>
     <span class='ocr_line' id='line_1_65' title="bbox 1011 1527 1517 1570; baseline 0 -11"><span class='ocrx_word' id='word_1_229' title='bbox 1011 1527 1086 1559; x_wconf 89' lang='lat' dir='ltr'>Cum</span> <span class='ocrx_word' id='word_1_230' title='bbox 1101 1527 1203 1566; x_wconf 85' lang='lat' dir='ltr'>sputis</span> <span class='ocrx_word' id='word_1_231' title='bbox 1219 1527 1517 1570; x_wconf 82' lang='lat' dir='ltr'>blasphemantium,</span> 
     </span>
    </p>

    <p class='ocr_par' dir='ltr' id='par_1_28' title="bbox 962 1573 1466 1615">
     <span class='ocr_line' id='line_1_66' title="bbox 962 1573 1466 1615; baseline 0.006 -11"><span class='ocrx_word' id='word_1_232' title='bbox 962 1573 1185 1612; x_wconf 69' lang='lat' dir='ltr'>Flagellatum,</span> <span class='ocrx_word' id='word_1_233' title='bbox 1214 1576 1312 1615; x_wconf 85' lang='lat' dir='ltr'>virgis</span> <span class='ocrx_word' id='word_1_234' title='bbox 1339 1584 1466 1607; x_wconf 81' lang='lat' dir='ltr'>caesum</span> 
     </span>
    </p>

    <p class='ocr_par' dir='ltr' id='par_1_29' title="bbox 961 1622 1465 1704">
     <span class='ocr_line' id='line_1_67' title="bbox 961 1622 1441 1662; baseline 0.004 -10"><span class='ocrx_word' id='word_1_235' title='bbox 961 1622 1068 1662; x_wconf 86' lang='lat' dir='ltr'>Atque</span> <span class='ocrx_word' id='word_1_236' title='bbox 1093 1623 1194 1661; x_wconf 86' lang='lat' dir='ltr'>spinis</span> <span class='ocrx_word' id='word_1_237' title='bbox 1223 1623 1291 1655; x_wconf 88' lang='lat' dir='ltr'>dire</span> <span class='ocrx_word' id='word_1_238' title='bbox 1318 1624 1441 1655; x_wconf 85' lang='lat' dir='ltr'>laesum</span> 
     </span>
     <span class='ocr_line' id='line_1_68' title="bbox 1010 1671 1465 1704; baseline 0.004 -3"><span class='ocrx_word' id='word_1_239' title='bbox 1010 1671 1071 1701; x_wconf 83' lang='lat' dir='ltr'>Per</span> <span class='ocrx_word' id='word_1_240' title='bbox 1098 1679 1208 1702; x_wconf 85' lang='lat' dir='ltr'>manus</span> <span class='ocrx_word' id='word_1_241' title='bbox 1236 1672 1465 1704; x_wconf 85' lang='lat' dir='ltr'>coronantium.</span> 
     </span>
    </p>
   </div>
   <div class='ocr_carea' id='block_1_21' title="bbox 923 1765 1523 1801">
    <p class='ocr_par' dir='ltr' id='par_1_30' title="bbox 923 1765 1523 1801">
     <span class='ocr_line' id='line_1_69' title="bbox 923 1765 1523 1801; baseline 0.008 -5"><span class='ocrx_word' id='word_1_242' title='bbox 923 1790 930 1797; x_wconf 94' lang='lat'><strong>.</strong></span> <span class='ocrx_word' id='word_1_243' title='bbox 958 1765 1042 1797; x_wconf 81' lang='lat' dir='ltr'>Hinc</span> <span class='ocrx_word' id='word_1_244' title='bbox 1073 1766 1132 1798; x_wconf 89' lang='lat' dir='ltr'>sub</span> <span class='ocrx_word' id='word_1_245' title='bbox 1158 1768 1240 1799; x_wconf 88' lang='lat' dir='ltr'>mole</span> <span class='ocrx_word' id='word_1_246' title='bbox 1266 1769 1370 1799; x_wconf 85' lang='lat' dir='ltr'>crucis</span> <span class='ocrx_word' id='word_1_247' title='bbox 1403 1767 1523 1801; x_wconf 78' lang='lat' dir='ltr'>fessum</span> 
     </span>
    </p>
   </div>
   <div class='ocr_carea' id='block_1_22' title="bbox 959 1812 1479 2049">
    <p class='ocr_par' dir='ltr' id='par_1_31' title="bbox 959 1812 1479 1903">
     <span class='ocr_line' id='line_1_70' title="bbox 959 1812 1479 1856; baseline 0.01 -12"><span class='ocrx_word' id='word_1_248' title='bbox 959 1812 1085 1845; x_wconf 91' lang='lat' dir='ltr'>Nudum</span> <span class='ocrx_word' id='word_1_249' title='bbox 1115 1815 1263 1855; x_wconf 86' lang='lat' dir='ltr'>crucique</span> <span class='ocrx_word' id='word_1_250' title='bbox 1287 1816 1479 1856; x_wconf 81' lang='lat' dir='ltr'>impressum</span> 
     </span>
     <span class='ocr_line' id='line_1_71' title="bbox 1010 1862 1462 1903; baseline 0.009 -11"><span class='ocrx_word' id='word_1_251' title='bbox 1010 1862 1069 1892; x_wconf 84' lang='lat' dir='ltr'>Per</span> <span class='ocrx_word' id='word_1_252' title='bbox 1095 1863 1201 1894; x_wconf 89' lang='lat' dir='ltr'>clavos</span> <span class='ocrx_word' id='word_1_253' title='bbox 1226 1865 1462 1903; x_wconf 70' lang='lat' dir='ltr'>poenalissime,</span> 
     </span>
    </p>

    <p class='ocr_par' dir='ltr' id='par_1_32' title="bbox 960 1908 1377 1952">
     <span class='ocr_line' id='line_1_72' title="bbox 960 1908 1377 1952; baseline 0.012 -13"><span class='ocrx_word' id='word_1_254' title='bbox 960 1908 1126 1941; x_wconf 75' lang='lat' dir='ltr'>sitientem</span> <span class='ocrx_word' id='word_1_255' title='bbox 1153 1910 1229 1942; x_wconf 82' lang='lat' dir='ltr'>felle</span> <span class='ocrx_word' id='word_1_256' title='bbox 1255 1918 1377 1952; x_wconf 88' lang='lat' dir='ltr'>potum,</span> 
     </span>
    </p>

    <p class='ocr_par' dir='ltr' id='par_1_33' title="bbox 960 1955 1450 2049">
     <span class='ocr_line' id='line_1_73' title="bbox 960 1955 1344 1991; baseline 0.008 -3"><span class='ocrx_word' id='word_1_257' title='bbox 960 1955 1109 1989; x_wconf 87' lang='lat' dir='ltr'>Doluisse</span> <span class='ocrx_word' id='word_1_258' title='bbox 1134 1959 1218 1990; x_wconf 83' lang='lat' dir='ltr'>latus</span> <span class='ocrx_word' id='word_1_259' title='bbox 1244 1959 1344 1991; x_wconf 83' lang='lat' dir='ltr'>lotum</span> 
     </span>
     <span class='ocr_line' id='line_1_74' title="bbox 1011 2005 1450 2049; baseline 0.009 -13"><span class='ocrx_word' id='word_1_260' title='bbox 1011 2005 1191 2038; x_wconf 82' lang='lat' dir='ltr'>Perfossum</span> <span class='ocrx_word' id='word_1_261' title='bbox 1219 2008 1450 2049; x_wconf 75' lang='lat' dir='ltr'>crudelissime,</span> 
     </span>
    </p>
   </div>
   <div class='ocr_carea' id='block_1_23' title="bbox 959 2100 1455 2383">
    <p class='ocr_par' dir='ltr' id='par_1_34' title="bbox 959 2100 1455 2383">
     <span class='ocr_line' id='line_1_75' title="bbox 959 2100 1435 2144; baseline 0.011 -12"><span class='ocrx_word' id='word_1_262' title='bbox 959 2100 1200 2140; x_wconf 78' lang='lat' dir='ltr'>Exprobratum</span> <span class='ocrx_word' id='word_1_263' title='bbox 1225 2107 1258 2134; x_wconf 87' lang='lat' dir='ltr'>et</span> <span class='ocrx_word' id='word_1_264' title='bbox 1283 2105 1435 2144; x_wconf 70' lang='lat' dir='ltr'>derisum,</span> 
     </span>
     <span class='ocr_line' id='line_1_76' title="bbox 959 2147 1455 2193; baseline 0.012 -14"><span class='ocrx_word' id='word_1_265' title='bbox 959 2147 1219 2188; x_wconf 84' lang='lat' dir='ltr'>Blasphematum</span> <span class='ocrx_word' id='word_1_266' title='bbox 1246 2157 1278 2182; x_wconf 89' lang='lat' dir='ltr'>et</span> <span class='ocrx_word' id='word_1_267' title='bbox 1303 2154 1455 2193; x_wconf 87' lang='lat' dir='ltr'>occisum,</span> 
     </span>
     <span class='ocr_line' id='line_1_77' title="bbox 1007 2197 1447 2242; baseline 0.014 -15"><span class='ocrx_word' id='word_1_268' title='bbox 1007 2197 1090 2237; x_wconf 80' lang='lat' dir='ltr'>Heu,</span> <span class='ocrx_word' id='word_1_269' title='bbox 1117 2199 1245 2240; x_wconf 87' lang='lat' dir='ltr'>populis</span> <span class='ocrx_word' id='word_1_270' title='bbox 1271 2209 1290 2231; x_wconf 89' lang='lat' dir='ltr'>a</span> <span class='ocrx_word' id='word_1_271' title='bbox 1316 2201 1447 2242; x_wconf 88' lang='lat' dir='ltr'>talibus,</span> 
     </span>
     <span class='ocr_line' id='line_1_78' title="bbox 959 2244 1435 2291; baseline 0.013 -16"><span class='ocrx_word' id='word_1_272' title='bbox 959 2244 1043 2283; x_wconf 83' lang='lat' dir='ltr'>Quos</span> <span class='ocrx_word' id='word_1_273' title='bbox 1068 2245 1101 2276; x_wconf 89' lang='lat' dir='ltr'>in</span> <span class='ocrx_word' id='word_1_274' title='bbox 1127 2246 1215 2279; x_wconf 86' lang='lat' dir='ltr'>nullo</span> <span class='ocrx_word' id='word_1_275' title='bbox 1241 2249 1435 2291; x_wconf 83' lang='lat' dir='ltr'>molestavit,</span> 
     </span>
     <span class='ocr_line' id='line_1_79' title="bbox 961 2290 1429 2330; baseline 0.011 -7"><span class='ocrx_word' id='word_1_276' title='bbox 961 2290 1024 2324; x_wconf 89' lang='lat' dir='ltr'>Sed</span> <span class='ocrx_word' id='word_1_277' title='bbox 1051 2293 1092 2324; x_wconf 88' lang='lat' dir='ltr'>ad</span> <span class='ocrx_word' id='word_1_278' title='bbox 1120 2295 1215 2327; x_wconf 87' lang='lat' dir='ltr'>vitam</span> <span class='ocrx_word' id='word_1_279' title='bbox 1242 2296 1429 2330; x_wconf 89' lang='lat' dir='ltr'>informavit</span> 
     </span>
     <span class='ocr_line' id='line_1_80' title="bbox 1009 2340 1430 2383; baseline 0.017 -12"><span class='ocrx_word' id='word_1_280' title='bbox 1009 2340 1172 2374; x_wconf 80' lang='lat' dir='ltr'>Doctrinis</span> <span class='ocrx_word' id='word_1_281' title='bbox 1198 2346 1430 2383; x_wconf 85' lang='lat' dir='ltr'>paternalibus.</span> 
     </span>
    </p>
   </div>
  </div>
 </body>
</html>
