1651 2680
634 125 681 132 ——
732 108 800 143 169
851 128 893 132 —

541 201 602 232 125.
645 200 686 233 Do
706 189 804 233 Beata
824 201 925 233 Maria
948 202 981 231 V.

321 279 446 319 Gaude,
474 281 542 312 Deo
568 283 674 322 plena,
702 283 817 323 gaude,
846 284 975 323 pariens
1001 284 1069 315 sine
1096 292 1208 324 poena,

320 327 444 369 Gaude,
473 331 651 370 resurgenti
678 331 852 372 congaude,
881 341 1018 371 superna
1044 331 1177 371 petenti,

321 376 400 408 Cum
428 376 556 409 Christo
582 377 695 419 gaude,
724 387 862 418 regnans
887 379 1073 419 dignissima
1098 379 1214 417 laude3

319 423 425 464 Elegit
452 425 505 464 qui
531 429 573 463 te,
602 426 655 457 det
681 425 773 457 nobis
799 427 915 466 gaudia
942 427 1036 459 vitae.

175 491 258 518 Orat.
282 499 336 517 ms.
357 490 566 521 Parisiense(⁴?)
586 500 663 519 saec.
689 489 760 518 ¹⁵!1u.
801 492 870 519 Cod.
893 493 1019 519 Parisin.
1041 491 1125 520 363³).

431 622 488 652 126.
530 621 675 653 Carmina
697 622 734 653 de
757 623 913 654 Laudibus
934 623 1089 663 Virginis

752 695 776 726 1.

321 760 408 792 Caeli
433 761 573 801 reginam
599 766 630 792 te
654 761 732 802 iure,
761 762 876 803 Maria,
906 762 1054 803 fatemur,

321 808 371 840 Ex
399 808 487 840 cuius
513 809 654 841 thalamo
681 810 838 848 processit
864 810 1006 842 iustitiae
1033 811 1090 844 sol.

318 857 426 897 Virgo,
454 857 607 888 creatoris
635 857 796 889 caelorum
822 862 926 889 mater
951 863 980 889 et
1006 859 1104 896 orbis,

318 905 467 937 Innocuis
492 905 638 937 manibus
665 905 783 936 mundo
810 915 934 946 quoque
962 906 1059 938 corde
1085 907 1187 946 beata,

319 952 392 984 Rite
419 952 478 984 Dei
507 954 654 993 pinguem
682 953 826 984 meruisti
853 955 1008 985 scandere
1035 960 1184 988 montem,

739 1039 780 1071 Il.

321 1105 434 1137 Gratia
460 1106 617 1147 caelestis,
646 1106 827 1144 reparatrix
855 1107 952 1138 totius
979 1107 1075 1146 orbis,

367 1153 489 1185 Diffusa
517 1158 565 1185 est
590 1153 696 1192 labiis,
725 1154 815 1193 virgo
841 1154 958 1190 Maria,
986 1156 1065 1195 tuis,

323 1201 501 1241 Propterea
528 1211 636 1243 regum
664 1205 695 1232 te
722 1210 778 1233 rex
805 1202 970 1234 benedixit
998 1204 1027 1234 in
1056 1211 1166 1234 aevum

367 1249 409 1280 Et
435 1248 511 1281 facit
536 1260 554 1281 a
583 1249 705 1281 dextris
733 1253 818 1281 casta
847 1250 961 1282 sedere
987 1252 1063 1289 suis,

321 1299 429 1329 Aurea
455 1307 548 1338 quam
576 1297 664 1331 fulvo
690 1298 789 1329 vestis
815 1298 1015 1330 circumdata
1042 1300 1138 1330 limbo

368 1345 479 1377 Ambit
504 1350 533 1377 et
562 1352 694 1378 exornat
723 1347 846 1386 riteque
875 1347 1079 1380 condecorat.

175 1411 296 1439 Missale
317 1411 487 1438 Turonense
509 1413 578 1447 imp.
599 1411 776 1447 Rothomagi
800 1410 882 1444 1492,
908 1410 980 1438 1493
1003 1414 1035 1439 Α.
1057 1428 1093 1431 -
1111 1412 1232 1439 Missale
1248 1412 1419 1438 Turonense

100 1451 170 1486 imp.
191 1450 315 1478 Parisiis
340 1447 418 1477 1533.
441 1451 474 1477 Β.
499 1467 532 1470 ss—
558 1451 590 1477 In
614 1450 717 1477 beiden
740 1450 865 1484 Quellen
887 1451 961 1477 nach
984 1451 1047 1478 deni
1071 1450 1291 1478 Kalendarium.

505 1582 564 1613 127.
605 1583 649 1614 Ad
673 1582 798 1613 Beatam
822 1582 951 1613 Mariam
974 1583 1008 1613 V.

115 1665 144 1698 1.
171 1660 283 1705 Maria,
310 1672 432 1695 summa
805 1666 835 1696 3.
865 1661 994 1700 Lucem,
1021 1665 1137 1700 Maria,

219 1715 289 1742 orta
315 1719 353 1742 ex
380 1714 542 1752 prosapia,
911 1713 1047 1752 genuisti
1074 1712 1210 1747 saeculo,

171 1759 313 1800 Angelus
339 1759 415 1792 tibi:
866 1761 1035 1792 Involvens
1062 1761 1176 1800 pannis

216 1809 296 1849 Ave,
324 1808 419 1848 plena
445 1810 559 1849 gratia,
911 1809 1022 1840 locasti
1049 1809 1248 1849 praesaepio,

169 1855 324 1890 Dominus
349 1860 472 1896 tecum;
864 1857 1019 1888 Mundum
1047 1858 1100 1896 qui
1126 1857 1208 1895 regit

216 1913 304 1936 sume
332 1909 443 1937 nostra
468 1906 604 1944 cantica,
910 1906 1032 1944 potenti
1059 1905 1193 1945 imperio

169 1954 256 1994 Quae
281 1953 341 1984 tibi
367 1957 484 1985 canunt
864 1953 903 1984 Et
932 1954 1016 1984 arvis
1043 1955 1126 1986 lucet

219 2001 392 2033 electorum
418 2002 556 2042 agmina.
911 2001 1031 2032 lumine
1056 2002 1195 2033 sidereo.

109 2081 141 2114 2.
168 2076 265 2119 Ecce,
292 2078 398 2120 beata,
804 2082 834 2111 4.
863 2075 976 2112 Ubere
1002 2083 1056 2109 tuo

217 2127 386 2159 credidisti
409 2128 521 2160 nuntio
911 2126 991 2158 bibit
1018 2130 1123 2167 guttas
1150 2126 1314 2169 Dominus,

166 2177 210 2209 Et
234 2176 337 2216 patris
364 2176 494 2208 verbum
862 2176 919 2214 Qui
947 2175 1027 2206 mari
1053 2175 1166 2215 undas,

215 2224 390 2264 concepisti
416 2228 518 2263 utero,
910 2222 1008 2254 fluere
1036 2223 1091 2254 dat
1117 2221 1271 2263 fontibus,

167 2272 371 2312 Virginitatis
862 2272 964 2307 Hunc,
995 2271 1092 2311 virgo,
1121 2280 1206 2312 roga,

215 2320 305 2352 nulla
330 2324 380 2352 est
405 2320 580 2360 corruptio.
908 2320 995 2351 laxet
1022 2320 1132 2359 culpas
1157 2320 1315 2360 omnibus,

164 2369 230 2404 Ubi
256 2372 305 2401 est
330 2369 436 2403 sancti
861 2368 920 2407 Qui
948 2368 1001 2399 dat
1030 2377 1162 2400 coronas

213 2417 346 2458 spiritus
372 2416 504 2450 infusio.
910 2416 975 2448 suis
1002 2415 1247 2449 confessoribus.
