1651 2680
677 123 937 158 -193—

165 218 221 251 11.
245 217 295 250 Tu
317 227 410 250 sacro
435 217 571 258 pudore,
855 221 910 253 15.
937 222 988 253 Tu
1012 224 1181 253 nautarum
1207 219 1312 262 stella,

244 265 342 298 Sacro
368 265 440 298 fusa
465 274 550 305 rore,
939 269 1062 301 Nautas
1088 270 1120 301 in
1147 268 1291 307 procella

291 314 383 347 Paris
406 313 520 355 lilium,
987 317 1132 353 Salvans,
1161 316 1288 357 diceris,

243 362 310 394 Nec
335 366 367 393 te
391 361 505 394 matris
532 371 619 394 more
939 365 987 396 Tu
1012 374 1045 395 es
1072 364 1131 396 Dei
1161 364 1251 406 cella,

244 410 374 444 cruciat
400 409 510 442 dolore
938 412 1044 444 Favus
1071 412 1196 444 stillans
1222 412 1327 451 mella,

291 457 513 498 Puerperium.
986 462 1073 492 Arca
1099 459 1250 492 foederis.

164 565 218 596 12.
245 564 304 603 Tu,
329 563 420 603 virgo
446 562 551 603 beata,
856 566 910 597 16.
937 565 985 596 Tu
1011 575 1091 604 pons
1118 568 1149 595 et
1173 565 1306 604 piscina,

244 611 349 643 Maria
374 614 499 648 vocata,
939 614 1054 645 Portus
1080 616 1112 644 et
1138 613 1258 650 carina,

291 659 371 699 Spes
397 658 550 700 fidelium,
984 664 1070 700 Quae
1096 669 1175 700 prae
1201 660 1316 692 ceteris

243 708 336 739 Pure·
352 708 493 738 salutata
939 708 1074 740 confers
1096 710 1128 740 in
1155 708 1247 740 ruina*

243 756 334 787 Votis
359 758 390 786 et
416 758 531 795 parata
938 757 1052 788 Gratia
1078 756 1187 788 divina

288 803 334 834 Te
359 803 571 843 precantium.
985 805 1085 845 Opem
1112 804 1245 836 miseris,

162 909 217 942 13.
244 910 325 950 Ave,
350 918 407 940 vas
433 908 599 946 virtutum,
855 910 908 942 17.
938 912 1017 951 Ave,
1046 910 1226 949 puellarum

243 957 362 990 Salutis
387 956 543 988 imbutum
938 958 1108 997 Speculum
1135 961 1328 998 sanctarum,

289 1004 505 1044 Aromatibus‚
985 1006 1147 1045 Splendor
1172 1006 1304 1045 gloriae,

243 1054 299 1086 Cui
325 1053 371 1084 nil
398 1053 555 1084 hirsutum
939 1053 1117 1084 Praemium
1145 1057 1337 1090 sanctarum,

241 1101 360 1132 Haeret
384 1109 443 1132 nec
469 1100 625 1139 pollutum
938 1102 1049 1133 Palma
1075 1101 1253 1142 viduarum,

288 1149 408 1188 Culpae
434 1147 592 1181 sordibus.
984 1150 1059 1181 Flos
1085 1149 1273 1183 munditiae,

158 1255 210 1287 14.
238 1254 286 1285 Tu
313 1254 496 1285 desiderata
852 1254 905 1285 18.
935 1254 1029 1285 Scala
1055 1257 1259 1294 peccatorum

238 1302 311 1341 Diu,
338 1302 468 1334 tandem
496 1301 572 1332 data
932 1302 984 1334 Ad
1011 1311 1109 1341 regna
1135 1302 1291 1341 polorum.

287 1350 414 1382 Sanctis
440 1349 597 1390 patribus,
980 1350 1072 1381 Dono
1098 1351 1222 1390 gratiae

238 1398 330 1430 Viam
357 1399 414 1430 das
440 1400 514 1437 post
540 1396 608 1428 fata
933 1398 998 1429 Nos
1025 1407 1084 1438 per
1111 1398 1194 1430 viam
1222 1407 1343 1429 morum

237 1446 348 1478 Mente
374 1447 433 1478 tibi
459 1449 551 1486 grata
930 1446 1001 1478 Duc
1027 1447 1068 1478 ad
1096 1446 1176 1478 lucis
1203 1446 1334 1477 chorum

284 1494 541 1527 Famulantibus.
978 1495 1019 1526 Et
1046 1494 1199 1527 laetitiae.

219 1599 291 1626 Cod.
312 1599 388 1626 Coll.
409 1600 496 1633 (ἔοι-ῃ.
512 1598 625 1625 Christi
645 1599 790 1626 Oxonien.
814 1597 878 1626 119.
892 1614 928 1617 —
943 1597 970 1629 3‚
991 1597 1009 1626 2
1031 1608 1160 1626 suorum.
1178 1614 1209 1617 —
1228 1598 1254 1630 ἶ),
1275 1598 1293 1625 4
1316 1601 1419 1626 sacris.
1435 1614 1471 1618 —

146 1636 174 1671 6,
196 1636 213 1664 2
234 1636 353 1674 phaona
372 1640 551 1672 comparata.
573 1653 608 1656 —
631 1637 782 1664 Abschrift
801 1647 860 1665 von
881 1638 952 1665 Rev.
976 1639 1012 1665 11.
1035 1639 1064 1665 M
1098 1638 1264 1665 Baunister.

593 1798 655 1829 145.
677 1796 720 1829 De
741 1798 839 1830 Beata
862 1798 963 1829 Maria
984 1799 1019 1829 V.

178 1901 208 1932 1.
236 1899 299 1930 Res
324 1908 408 1930 nova
433 1897 602 1937 mirabilis,
875 1901 905 1932 3.
936 1899 1043 1939 Virgo,
1073 1899 1153 1930 caeli
1176 1900 1276 1938 regia,

237 1947 336 1988 Virgo
362 1955 490 1987 semper
514 1947 673 1986 amabilis,
931 1946 1065 1979 Referta
1090 1949 1185 1987 plena
1212 1947 1325 1988 gratia,

235 1996 332 2036 Virgo
357 1994 562 2035 venerabilis,
931 1995 1069 2027 Deitatis
1096 1995 1205 2036 pluvia

235 2044 389 2077 Omnibus
416 2052 520 2076 comes
547 2043 645 2077 utilis.
933 2069 1360 2078 ........

176 2152 208 2185 2.
235 2151 344 2193 Virgo,
373 2150 471 2182 decus
496 2149 665 2190 virginum,
871 2152 902 2182 4.
933 2150 1031 2190 Virgo
1058 2158 1155 2190 super
1180 2150 1298 2188 omnia,

234 2199 382 2233 Caeleste
407 2199 513 2230 lumen
540 2198 705 2240 luminum,
932 2199 980 2230 Tu
1007 2198 1078 2229 dele
1104 2201 1214 2229 nostra
1240 2198 1319 2230 vitia

233 2248 314 2289 Ave,
343 2247 429 2280 salus
455 2246 596 2287 gentium
932 2247 973 2278 Et
1000 2249 1155 2287 percepta
1180 2246 1274 2278 venia

235 2295 411 2336 Firmaque
435 2304 510 2335 spes
534 2295 691 2328 fidelium.
933 2295 1097 2327 Perdueas
1122 2304 1180 2325 nos
1206 2295 1248 2327 ad
1274 2295 1403 2335 gaudia.

219 2401 311 2428 Liber
332 2409 385 2427 ms.
399 2399 612 2428 Miraeulorum
627 2399 689 2426 BV.
705 2407 781 2426 saec.
799 2397 844 2427 13.
879 2399 948 2428 Cod.
964 2401 1092 2427 Parisin.
1113 2400 1239 2435 (Arsen.)
1253 2398 1337 2428 3517.
1352 2417 1389 2420 —
1411 2401 1472 2428 Aus

137 2439 296 2467 darselben
318 2439 423 2474 Quelle
444 2438 576 2472 Gautier,
598 2439 730 2466 Oeuvres
749 2437 911 2476 Poetiques
932 2438 1055 2466 d'Adam
1077 2439 1113 2467 de
1135 2440 1177 2466 St.
1202 2438 1304 2466 Victor
1325 2441 1364 2473 ΙΙ,
1386 2438 1452 2468 356.

195 2489 340 2518 Βτθνεε,
364 2489 413 2512 Pia
431 2489 598 2512 Dictamina.
629 2488 692 2511 vn.
1265 2486 1298 2515 13
