1651 2680
699 85 958 120 ..224-

174 181 230 213 15.
258 180 374 212 Frater
400 179 536 211 Simonis
564 179 706 218 Andrea,
861 181 918 214 22.
945 180 1088 223 Nicolae,
1115 180 1243 221 praesul
1269 176 1400 216 Christi,

258 228 311 258 Ad
336 230 368 256 te
392 227 500 258 veniat
526 235 587 257 vox
611 234 693 266 mea,
944 227 1067 262 Misero
1092 236 1242 260 succurre
1265 226 1331 265 isti,

259 274 351 305 Hanc
373 273 415 304 ad
433 281 539 304 aurem
560 276 653 312 porta
671 273 802 316 Christi,
948 275 1124 315 Augustine
1149 279 1181 307 et
1206 273 1352 314 Gregori,

261 321 320 351 Pro
346 329 408 358 quo
431 328 543 351 navem
571 319 738 358 reliquisti.
947 322 1119 355 Subvenite
1144 321 1316 362 peccatori.

177 425 232 456 16.
261 424 363 463 Super
389 428 511 455 ceteros
538 423 654 454 dilecte
867 427 924 468 23.
950 425 975 456 Ο
1002 429 1110 457 sancte
1137 427 1231 458 Petre
1257 423 1433 459 confessor,

260 471 301 502 Et
327 471 366 501 de
392 470 511 510 nuptiis
538 471 649 508 electe,
950 472 1031 503 Mihi
1057 472 1115 504 fias
1140 473 1344 512 intercessor,

262 519 376 550 Custos
401 519 460 551 Dei
486 518 581 549 nimis
607 526 691 555 care,
948 519 998 550 Ita
1023 519 1101 550 mihi
1125 519 1301 554 subvenite,

264 567 324 598 Pro
356 575 405 596 me
432 566 592 598 Christum
620 566 808 605 deprecare.
952 565 996 598 Ut
1022 568 1062 598 ad
1088 575 1219 606 regnum
1247 567 1346 598 ducar
1373 564 1468 597 vitae.

179 672 235 703 17.
263 670 388 708 lacobe,
416 670 670 709 Bartholomaee,
869 671 925 702 24.
954 670 1063 709 Paule,
1090 670 1259 708 Iohannes,
1285 669 1416 705 Antoni,

265 719 420 759 Philippe,
449 719 581 757 Thoma,
610 717 784 757 Matthaee,
954 717 1066 749 Estote
1091 718 1169 749 mihi
1194 717 1332 758 patroni,

262 766 387 804 Iacobe,
415 767 534 805 Simon,
562 766 747 805 Thaddaee,
953 765 1068 797 Sancte
1093 765 1194 797 abbas
1220 765 1404 803 Benedicte,

262 816 457 846 Mementote
483 815 589 854 precis
614 822 713 847 meae.
951 813 1065 845 Custos
1090 813 1205 845 mentis
1228 813 1271 844 sis
1297 811 1448 844 afflictae.

181 920 235 952 18.
264 920 379 951 Sancte
406 920 520 951 chorus
546 921 760 957 innocentum,
869 920 924 952 25.
952 919 977 950 O
1004 928 1060 950 vos
1087 927 1195 949 omnes
1221 918 1382 958 eremitae,

261 967 343 998 Mihi
370 967 452 998 detis
476 967 702 1007 iuvumentum,
953 967 1044 998 Votis
1070 967 1150 998 meis
1175 967 1338 1004 assentite,

263 1016 321 1055 Qui
348 1014 452 1046 fuistis
479 1016 644 1047 moriendo
951 1015 976 1046 Ο
1002 1014 1108 1046 Maria
1133 1014 1335 1054 Magdalene,

265 1064 377 1095 Testes
405 1064 522 1095 Christi
549 1073 609 1095 non
637 1063 807 1102 loquendo.
953 1062 1001 1093 Tu
1027 1062 1179 1094 memoria
1205 1070 1253 1092 me
1280 1067 1361 1094 tene.

179 1169 232 1201 19.
262 1168 422 1208 Stephane
450 1168 567 1199 Christi
595 1168 696 1205 beate,
862 1168 916 1199 26.
944 1166 1060 1205 Agnes,
1086 1164 1224 1206 Agatha,
1250 1165 1358 1202 Lucia,

260 1217 397 1256 Propter
423 1215 582 1246 Christum
609 1215 762 1255 lapidate,
948 1213 1157 1252 Scholastica,
1185 1213 1334 1253 Caecilia,

260 1263 350 1303 Quod
376 1264 475 1293 orasti
503 1262 670 1302 lapidanti,
950 1260 1138 1300 Katherina,
1165 1261 1362 1302 Margareta‚

260 1311 324 1342 Ora
350 1310 425 1340 milii
451 1310 655 1348 supplicanti.
948 1308 1002 1338 Me
1031 1307 1136 1339 ducite
1162 1308 1203 1338 ad
1230 1311 1344 1340 roseta.

178 1415 235 1447 20.
260 1414 386 1451 Martyr
414 1412 540 1443 Domini
567 1412 730 1451 Laurenti,
865 1412 923 1445 27.
950 1410 1024 1450 Vos,
1050 1411 1153 1442 sancti
1178 1418 1209 1442 et
1236 1415 1365 1443 sanctae
1393 1412 1464 1452 Dei,

262 1461 355 1491 Certe
382 1460 452 1498 plus
478 1459 595 1490 ardens
620 1459 757 1500 ardenti,
950 1458 1056 1489 Vestri
1083 1464 1273 1491 mementote
1299 1460 1356 1497 rei,

258 1507 306 1538 De
331 1506 479 1538 thesauro
505 1506 633 1545 pietatis
945 1505 999 1536 Me
1022 1509 1148 1537 nautam
1174 1508 1205 1538 in
1232 1507 1341 1538 mundi
1367 1507 1435 1538 salo

260 1555 346 1594 Opus
373 1563 451 1592 auge
478 1554 630 1586 caritatis.
948 1552 1088 1585 Servetis
1114 1554 1153 1585 ab
1178 1555 1262 1585 omni
1289 1556 1384 1588 malo.

178 1659 234 1691 21.
263 1660 378 1690 Sancte
397 1657 552 1695 Clemens,
581 1657 681 1695 sixte,
701 1657 800 1698 clete,
863 1657 919 1690 28.
947 1656 994 1688 Sit
1021 1658 1089 1689 laus
1115 1659 1200 1697 patri
1227 1661 1364 1692 creatori

259 1705 412 1738 Precibus
437 1705 515 1736 meis
543 1705 658 1743 favete,
946 1705 1092 1745 Filioque
1116 1707 1279 1748 salvatori,

262 1753 417 1785 Sacerdos
443 1753 584 1784 Martiae
611 1753 682 1792 Dei,
946 1752 1090 1784 Eandem
1118 1754 1233 1786 habeat
1258 1754 1374 1787 flamen

259 1800 418 1842 Supplicis
444 1805 600 1832 memento
626 1801 697 1832 mei.
946 1801 1009 1832 Per
1043 1806 1156 1833 cuncta
1189 1804 1326 1838 saecula.
1376 1805 1491 1837 Amen.

255 1904 374 1930 Collect.
396 1913 447 1930 ms.
471 1904 498 1930 S.
519 1904 631 1931 Mariae
653 1905 682 1930 iu
703 1905 837 1931 Pontano
860 1913 934 1932 saec.
960 1904 1001 1933 13.
1043 1907 1113 1934 Cod.
1136 1908 1270 1936 vatican.
1292 1908 1376 1938 4363.
1398 1910 1432 1937 A.
1455 1925 1492 1929 —

175 1942 256 1968 Orat.
282 1951 333 1968 ms.
362 1942 518 1969 Caelestin.
547 1946 575 1968 S.
605 1943 717 1969 Mariae
744 1943 779 1970 de
802 1943 933 1971 Parisius
960 1953 1035 1972 saec.
1066 1945 1108 1973 15.
1151 1948 1222 1974 Cod.
1243 1948 1386 1976 Mazarin.
1416 1947 1491 1976 3897

172 1978 257 2012 (1305).
272 1981 304 2006 B.
326 1994 361 1998 -—
382 1981 405 2006 A
428 1980 654 2017 unwsslstbindig,
676 1989 731 2007 nur
751 1982 795 2008 bis
818 1982 873 2008 Str.
898 1981 932 2009 14
951 1982 1023 2009 inkl.
1046 2000 1081 2003 —
1100 1984 1122 2016 l,
1145 1985 1163 2012 4
1177 1986 1220 2013 Ne
1235 1985 1407 2015 damnemur
1422 1997 1488 2015 reus

175 2021 232 2045 iste
255 2019 285 2044 Α.
307 2032 341 2037 -ύ
364 2018 443 2045 Statt
462 2019 519 2046 Str.
540 2016 558 2045 3
579 2020 638 2046 und
657 2018 676 2045 4
696 2018 749 2046 hat
768 2021 807 2046 A:

203 2099 230 2126 3.
252 2100 275 2126 A
297 2109 341 2126 me
363 2100 433 2126 tolle
454 2108 539 2126 casus
560 2109 634 2132 reos,
890 2101 916 2129 4.
940 2103 1081 2131 Pietatem
1102 2104 1138 2131 de
1160 2115 1205 2133 me
1226 2107 1310 2140 habe,

256 2137 361 2165 Procul
382 2146 448 2165 arce
469 2139 567 2165 hostes
588 2147 676 2170 me08‚
942 2141 1053 2169 Munda
1073 2151 1123 2170 cor
1146 2145 1182 2171 ab
1207 2147 1286 2172 omni
1307 2147 1384 2181 labe,

251 2177 375 2212 Propter
395 2179 475 2203 tuam
498 2176 658 2204 bonitatem
941 2179 999 2212 Qui
1022 2190 1074 2216 per
1095 2190 1188 2209 meam
1210 2186 1385 2219 pravitatem

253 2215 297 2241 De
320 2223 364 2241 me
390 2214 463 2242 habe
485 2216 632 2251 pietatem.
941 2218 1035 2245 Tuam
1056 2221 1152 2255 sprevi
1175 2223 1371 2251 sanctitatem.

174 2297 211 2329 4,
234 2294 252 2323 2
271 2297 397 2332 gratiam
418 2299 497 2323 tuam
519 2296 589 2323 mihi
612 2297 644 2323 Β.
665 2310 703 2314 -
723 2294 755 2330 5,
777 2295 795 2323 2
814 2297 882 2324 Mea
900 2301 1023 2326 crimina
1043 2301 1157 2337 depone
1178 2303 1211 2329 A.
1233 2317 1270 2322 —
1291 2303 1317 2335 5.
1339 2303 1357 2333 3
1377 2306 1496 2335 Revoca

175 2344 221 2363 me
241 2335 403 2380 fugientem·
418 2335 452 2362 A.
478 2350 512 2355 -
539 2333 572 2366 5,
603 2334 621 2362 4
638 2334 746 2363 Excita
767 2343 812 2362 me
833 2335 1034 2365 dormientem.
1055 2353 1091 2358 -—
1113 2339 1170 2366 Str.
1193 2342 1210 2369 6
1230 2343 1289 2369 und
1310 2342 1326 2370 7
1348 2344 1379 2371 in
1400 2344 1425 2371 A
1447 2354 1496 2373 zu-

176 2382 305 2402 sammen
326 2382 356 2401 111
378 2382 460 2401 eme:
