1651 2680
713 95 876 141 -275
925 114 960 119 —

217 192 247 224 7.
274 191 397 230 Gaude,
423 198 536 231 preces
562 191 603 223 ad
630 191 754 225 Mariae
882 195 937 227 14.
965 193 1088 234 Gaude,
1115 194 1218 233 gaude
1244 201 1370 224 cessans
1406 190 1493 234 flere,

277 241 366 273 Iesus
391 242 485 271 ornat
509 242 580 271 tuas
605 239 658 279 pie
964 241 1045 273 Nam
1071 242 1210 274 surrexit
1237 242 1325 273 Iesus
1353 249 1436 276 vere.

321 287 404 318 Vino
429 290 540 319 sancto
566 287 712 328 nuptias;
1012 289 1114 322 Dulce
1142 299 1256 321 manna
1282 289 1423 329 superis;

276 334 398 372 Gaude,
425 343 574 375 sponsam
602 335 760 375 reliquisti
964 337 1087 376 Gaude,
1116 347 1236 373 manus,
1266 338 1374 377 pedes,
1403 337 1486 369 latus

274 384 317 416 Et
338 383 385 414 sic
409 391 537 422 semper
562 383 693 414 tenuisti
965 385 1192 424 Redemptoris
1216 386 1390 419 osculatus,

323 430 485 471 Virginum
513 431 698 464 munditiaS.
1015 434 1093 467 Cum
1120 434 1205 465 redit
1231 433 1270 464 ab
1303 433 1425 465 inferis.

214 524 246 556 8.
273 522 394 561 Gaude,
423 523 512 554 Iesus
538 528 570 552 te
596 523 690 562 elegit
878 525 930 557 15.
961 524 1086 564 Gaude,
1115 525 1202 555 Iesus
1233 524 1272 554 de
1298 529 1329 555 te
1356 533 1430 555 vere

272 570 315 602 Et
339 569 380 601 ab
406 579 485 601 aevo
512 571 687 610 praeelegit
961 572 1069 604 Dixit:
1098 581 1167 602 eum
1195 573 1240 603 sic
1267 581 1394 603 manere

319 617 416 649 Suum
441 618 475 649 in
500 619 692 657 apostolum.
1010 621 1101 659 VolO,
1129 620 1231 651 donee
1257 620 1391 651 veniam.

273 665 396 706 Gaude,
423 667 512 698 Iesus
538 670 570 697 te
595 667 715 698 amavit
962 668 1084 705 Gaude,
1112 677 1208 707 saepe
1233 667 1292 698 Dei
1321 674 1412 699 natux

271 715 313 746 Et
335 723 413 753 prae
431 714 553 745 cunctis
574 714 806 747 demonstravit
964 715 1055 746 Fecit
1080 715 1139 746 tibi
1165 716 1335 747 suscitatus

317 761 358 793 Se
383 762 442 794 tibi
468 761 668 794 benevolum.
1014 764 1061 794 De
1086 772 1120 794 se
1145 764 1215 803 ipso
1242 764 1377 803 copiam.

211 856 242 887 9.
270 854 392 894 Gaude,
421 855 523 886 Iesum
551 855 731 894 speciosum
880 856 935 887 16.
964 855 1086 888 Gaude.
1115 855 1202 886 Iesus
1235 855 1360 886 scandit
1388 856 1492 887 caelos

269 903 472 941 conspexisti
500 903 671 942 gloriosum
962 903 1007 933 Te
1034 907 1192 939 cernente,
1221 905 1268 933 cui
1296 904 1395 934 melos

317 950 425 982 Tabor
450 951 482 982 in
510 950 690 987 cacumine3
1010 950 1097 982 Caeli
1125 951 1209 982 cives
1238 950 1375 985 faciunt:

269 998 394 1037 Gaude,
423 1007 539 1038 parans
567 1000 639 1030 Iesu
665 1007 774 1029 cenam
961 997 1083 1033 Gaude,
1112 999 1193 1038 ignis
1221 998 1303 1029 «lona
1333 999 1438 1030 dando

268 1047 378 1079 Monte
405 1046 491 1085 Sion,
518 1047 603 1077 omni
630 1046 757 1084 plenam
962 1047 1056 1077 Venit
1083 1046 1114 1076 in
1142 1050 1182 1082 te,
1212 1046 1279 1077 (lies
1308 1047 1435 1086 quando

315 1094 444 1127 Caelica
471 1094 650 1126 dulcedine.
1012 1094 1215 1126 Pentecostes
1242 1095 1365 1128 finiunt.

185 1183 239 1216 10.
267 1181 390 1220 Gaude,
419 1182 506 1212 Iesus
534 1181 732 1219 proditorem
875 1180 929 1212 17.
959 1179 1083 1219 Gau-le,
1113 1180 1156 1211 fili
1185 1180 1354 1217 Zebedaei,

266 1229 341 1261 Tibi
368 1229 481 1267 pandit
509 1237 622 1268 gerens
651 1237 769 1259 morem
958 1228 1108 1267 Sepelisti
1135 1233 1268 1259 matrem
1296 1229 1369 1263 Dei,

315 1276 375 1308 Tui
403 1276 582 1313 desiderio,
1009 1277 1135 1307 Portam
1164 1278 1203 1307 ad
1233 1277 1401 1309 caelestia:

268 1324 392 1365 Gaude,
420 1325 477 1356 tibi
505 1325 577 1356 Iesu
604 1329 714 1364 peetus
959 1323 1081 1361 Gaude,
1111 1326 1224 1362 cernis,
1253 1326 1337 1364 quod
1365 1325 1469 1356 Maria

267 1373 321 1404 Fit
345 1373 379 1404 in
406 1382 485 1404 cena
510 1373 616 1404 mollis
643 1372 744 1403 lectus
959 1372 1072 1403 Caelos
1098 1373 1194 1403 intrat
1225 1373 1389 1404 lidi-monia

315 1420 489 1461 Dulcisque
516 1421 672 1460 pausatio,
1006 1420 1201 1460 Angelorum
1230 1422 1372 1459 praevia.

186 1507 240 1540 11.
269 1507 393 1543 Gaude,
421 1508 521 1544 Iesus,
548 1506 676 1546 quando
694 1507 799 1547 sedes,
873 1507 926 1540 18.
956 1506 1080 1547 Gaude,
1108 1516 1218 1546 sospes
1245 1508 1384 1546 exivisti,

268 1556 371 1587 Lavat
396 1564 517 1595 pronus
544 1555 602 1586 tibi
628 1555 728 1594 pedes
955 1555 1031 1586 Zelo
1058 1557 1130 1587 Iesu
1157 1555 1242 1594 quod
1266 1555 1363 1591 inisti,

314 1603 447 1643 Angelis
472 1603 680 1643 mirantibu33
1004 1603 1052 1635 De
1079 1602 1217 1635 ferventi
1245 1603 1350 1640 dolio;

267 1651 380 1683 Gaude
398 1651 498 1689 Iesus,
521 1655 689 1691 postquam
705 1650 800 1692 sedit,
957 1650 1080 1691 Gaude,
1109 1652 1223 1683 scribis
1250 1652 1333 1683 altas
1360 1661 1481 1692 omnes,

268 1699 309 1731 Se
335 1700 366 1730 in
394 1699 498 1730 cibum
525 1699 584 1730 tibi
611 1699 701 1730 dedit.
958 1700 1043 1738 Quas
1069 1699 1191 1736 vidisti,
1220 1700 1357 1732 visiones

314 1747 422 1779 Sacris
449 1748 514 1779 suis
541 1747 697 1779 manibus
1005 1748 1140 1779 Manens
1167 1749 1198 1779 in
1225 1749 1351 1779 exsilio.

185 1837 240 1868 12.
269 1835 392 1875 Gaude,
420 1835 494 1866 Iesu
521 1843 594 1865 care
621 1833 732 1876 frater,
873 1836 928 1868 19.
956 1835 1080 1875 Gaude,
1107 1836 1192 1875 quia,
1220 1845 1314 1876 quam
1342 1836 1466 1876 amasti,

269 1883 365 1915 Cuius
391 1891 509 1924 parens
536 1886 590 1914 tua
614 1886 718 1914 mater
956 1883 1149 1915 Drusianam
1176 1884 1323 1915 excitasti

315 1932 378 1964 Suo
404 1930 441 1962 fit
469 1931 623 1973 imperio;
1004 1932 1166 1972 Ephesum
1193 1933 1395 1972 ingrediens,

269 1978 822 2019 Gaude‚namp0stmortemchristi
956 1979 1080 2021 Gaude,
1104 1980 1246 2012 lustrans
1267 1981 1345 2011 caeli
1366 1984 1494 2021 pratum

266 2028 350 2060 Suae
375 2028 488 2060 matris
513 2027 653 2059 habuisti
959 2027 1097 2060 Scribis:
1127 2029 1256 2060 verbum
1282 2039 1355 2060 eam
1376 2028 1495 2061 factum

315 2077 430 2109 Curam
458 2075 511 2116 pio
536 2076 655 2107 studio.
1005 2076 1063 2108 Est
1091 2077 1122 2107 in
1150 2077 1299 2109 mundum
1329 2078 1470 2110 venienS.

183 2165 238 2199 13.
268 2163 392 2205 Gaude,
420 2164 506 2196 viros
531 2164 639 2196 Iesum
662 2162 774 2197 flentes
877 2167 932 2200 20.
961 2164 1083 2206 Gaude,
1112 2165 1180 2196 sine
1206 2165 1346 2197 laesione

263 2214 314 2245 Ac
341 2211 382 2243 de
407 2221 502 2244 cruce
527 2213 724 2252 deponentes
961 2213 1056 2244 Potas
1083 2212 1168 2244 virus
1195 2214 1226 2245 in
1253 2223 1353 2254 agone

314 2260 485 2293 Adiuvasti
510 2269 669 2301 propere3
1008 2261 1145 2301 Propter
1171 2262 1274 2293 Iesum
1302 2262 1399 2300 inito,

264 2309 391 2349 Gaude,
419 2307 481 2341 fuit
506 2309 697 2341 tumulatum
960 2309 1083 2349 Gaude,
1112 2310 1189 2342 tecti
1216 2319 1284 2341 cum
1312 2309 1439 2342 fuerunt

264 2360 293 2391 A
320 2362 353 2389 te
379 2366 495 2398 eorpus
522 2357 604 2401 Iesu,
633 2357 743 2389 datum
961 2358 1029 2390 Tua
1056 2361 1153 2396 veste,
1181 2364 1352 2390 surrexunt

313 2405 412 2439 Morti
438 2408 549 2439 nostro
575 2406 708 2438 scelere.
1008 2406 1129 2438 Mortui
1155 2407 1331 2446 persubito.

1264 2462 1320 2490 18*
