1651 2680
743 101 1004 136 —370—

213 222 280 254 326.
320 222 436 262 incipit
463 222 607 262 planctus
634 221 788 253 ecclesiae
814 221 982 253 secundum
1007 222 1126 252 statum
1152 221 1372 253 modernorum
1391 221 1528 254 filioru-

422 272 454 300 et
474 279 534 300 non
556 269 800 310 praevignorum
821 278 840 300 a
863 268 994 309 quodam
1015 269 1179 301 sacerdote
1200 269 1313 301 editus.

855 370 880 402 I.

226 449 255 480 1.
283 447 370 485 Rogo
397 446 492 477 corde
518 446 710 485 pertractari
909 448 941 478 4.
968 446 1022 478 Sic
1047 455 1115 477 sum
1140 446 1235 478 modo
1262 447 1430 486 denigrata

330 494 400 525 Hoc
426 494 522 524 breve
546 493 778 535 compendium,
1013 494 1089 526 Istis
1114 495 1146 525 in
1172 494 1384 534 squaloribus,

282 542 380 581 Quale
406 542 483 572 mihi
509 541 677 572 comitetur
966 542 1052 581 Quae
1069 542 1228 581 quondam
1247 551 1332 573 eram
1348 542 1522 573 subornata

329 590 470 622 Maxime
497 589 710 629 dispendium.
1013 590 1129 621 Aureis
1155 590 1325 622 coloribuS.

221 684 253 713 2.
282 681 340 720 Qui
367 680 511 711 solebant
537 689 663 720 gregem
691 689 793 711 meum
907 683 937 712 5.
963 680 1046 712 Olim
1072 680 1125 719 qui
1152 689 1200 711 me
1228 678 1444 711 defendebant
1469 660 1485 676 ⁸

328 729 409 760 Olim
438 728 530 767 digne
556 736 677 767 regere,
1012 728 1054 759 Et
1081 729 1174 759 morti
1201 737 1234 759 se
1260 728 1474 767 tradiderant,

280 777 378 808 Modo
404 786 465 807 non
494 780 643 806 verentur
669 775 781 815 Deum,
965 775 1023 814 Qui
1050 784 1108 806 nec
1134 785 1190 807 sua
1216 780 1291 806 tunc
1312 775 1518 817 quaerebant,

328 824 480 855 Nituntur
505 832 553 854 me
582 824 741 864 detegere,
1015 823 1077 854 Sed
1104 823 1235 863 propria
1262 823 1484 862 perdiderant,

219 918 250 948 13.
278 915 459 955 Denudare,
488 915 627 954 spoliare
904 916 936 947 6.
963 913 1520 956 Nune,quaesuasunt,quaerentes,

326 963 443 994 Pannis
469 963 539 993 istis
568 962 694 999 vilibus⁷
1013 961 1084 992 Non
1111 970 1190 1000 quae
1217 962 1290 993 Iesu
1316 961 1448 1003 Christi,

275 1013 360 1051 Quae
387 1010 527 1041 solebam
560 1010 719 1049 quondam
746 1013 831 1041 stare
964 1009 1017 1041 Sic
1042 1009 1083 1040 ad
1110 1009 1173 1040 ima
1201 1009 1431 1040 descendentes

325 1058 442 1091 Induta
467 1058 647 1089 subtilibus.
1012 1057 1128 1088 Omnes
1158 1057 1189 1088 hi
1216 1060 1248 1088 et
1271 1057 1335 1089 isti.

838 1163 880 1196 ΙΙ.

220 1242 250 1273 1.
279 1240 409 1271 Praesul
437 1248 505 1270 cum
531 1239 691 1270 canonicis
901 1240 933 1270 4.
961 1239 1151 1279 Imperator,
1180 1238 1288 1276 duces,
1316 1247 1406 1278 reges

323 1287 385 1319 Sed
412 1291 441 1317 et
469 1287 572 1318 clerus
599 1291 694 1326 totus,
1008 1286 1098 1317 Viam
1126 1286 1186 1317 Dei
1215 1291 1380 1325 respuunt,

275 1336 440 1366 l'raelatus
467 1344 535 1365 cum
563 1335 724 1365 monachis
961 1334 1126 1372 Quondam
1153 1334 1206 1373 qui
1231 1334 1375 1365 solebant
1402 1333 1488 1373 leges

320 1383 422 1421 Super
448 1391 496 1412 me
521 1388 566 1412 est
594 1386 707 1412 motus.
1008 1381 1166 1416 Condere,
1192 1390 1277 1412 nunc
1302 1385 1468 1420 respuunt.

213 1470 243 1501 2.
271 1468 421 1499 Abatissa
447 1477 507 1498 nou
536 1467 623 1497 deest
899 1469 930 1498 5.
958 1467 1064 1503 Miles,
1093 1467 1172 1497 civis
1199 1471 1230 1498 et
1256 1471 1424 1503 mercator,

318 1516 394 1547 Cum
421 1516 485 1545 suis
512 1515 634 1555 velatis,
1004 1515 1120 1546 Omnes
1146 1523 1206 1555 per
1230 1515 1441 1555 ambaginem,

270 1563 444 1594 Multitudo
472 1567 616 1601 superest
957 1562 1031 1593 vini
1058 1563 1161 1594 cultor
1187 1566 1219 1593 et
1243 1567 1363 1597 arator.

319 1612 420 1643 Sexus
446 1615 475 1640 et
499 1611 622 1642 aetatiS.
1004 1610 1111 1641 Ruunt
1136 1610 1169 1641 in
1196 1611 1377 1650 voraginem

212 1699 243 1730 ῑ-ἶ.
270 1698 407 1736 Quorum
433 1700 522 1727 actus
548 1695 685 1726 omnium
895 1697 926 1728 6.
953 1696 1070 1728 Omnes
1097 1705 1166 1727 cum
1193 1695 1331 1728 fallaciis

317 1744 388 1776 Non
414 1753 541 1783 possum
566 1747 687 1783 notare,
1002 1744 1045 1775 Et
1071 1745 1342 1786 supplantatione,

270 1793 328 1824 His
356 1792 481 1823 videtur
505 1792 671 1831 somnium,
954 1792 1091 1831 Litibus,
1118 1793 1294 1823 mendaciis

317 1840 388 1871 Non
414 1840 523 1871 volunt
549 1848 671 1871 curare.
1002 1840 1044 1871 Et
1071 1840 1313 1873 detractatione.

592 1927 621 1958 7.
649 1925 789 1965 Quilibet
813 1924 974 1957 subtiliter

699 1973 794 2005 Suum
821 1973 943 2004 lucrum
967 1975 1104 2013 quaerit,

652 2021 817 2063 Nequiter,
842 2021 1015 2059 hostiliter,

699 2067 754 2102 Sic
778 2072 863 2100 totus
888 2069 1022 2101 mundus
1047 2070 1142 2109 perit.

818 2174 879 2206 ΙΙΙ.

206 2254 237 2286 1,
264 2252 354 2283 Haec
378 2261 396 2282 a
421 2251 511 2282 vobis
538 2251 673 2292 clericis,
888 2252 921 2284 2.
947 2251 1012 2283 Vos
1038 2252 1139 2292 legem
1166 2252 1326 2285 offenditis

312 2299 369 2339 Qui
396 2299 471 2330 estis
497 2299 557 2330 Dei
584 2299 748 2340 templum,
996 2299 1039 2331 Et
1065 2300 1288 2340 evangelistas,

262 2348 317 2379 Fit
340 2347 432 2379 ruina
457 2347 546 2378 laicis
950 2346 1086 2380 Sanctos
1113 2357 1168 2379 vos
1193 2349 1372 2393 ostenditis,

312 2396 457 2427 Vestrum
484 2404 542 2435 per
567 2395 757 2435 exemplum.
996 2395 1049 2427 Sic
1073 2396 1214 2436 impletis
1239 2397 1347 2432 cistas.
