1651 2680
191 433 245 466 10.

188 674 244 707 15.

184 915 244 949 20.

184 1156 240 1188 25.

182 1396 238 1429 30.

179 1639 234 1670 35.

174 1880 232 1913 40.

175 2123 234 2158 45.

173 2366 229 2398 50.

661 101 924 136 -355-

274 195 331 228 Me
357 196 493 228 mundus
518 196 622 236 laesit,
649 197 726 229 mihi
752 199 888 231 mundus
913 204 949 232 ut
974 201 1084 233 hamus
1107 202 1256 247 inhaesit,

273 243 431 276 Mundum
456 243 562 276 laesus
588 253 668 285 amo,
697 246 817 279 saliens
843 249 934 287 quasi
958 249 1056 289 piscis
1082 249 1115 281 in
1142 251 1243 283 hamo.

273 291 329 324 Me
355 291 442 331 capit
466 291 596 332 indago,
622 301 673 324 me
698 295 809 327 mundi
833 304 929 328 caeca
954 307 1082 336 vorago,

273 339 329 371 Me
354 338 436 372 male
461 339 619 372 iucundus
646 342 733 381 rapit
758 344 800 375 ad
827 353 883 375 sua
909 345 1026 385 gaudia
1051 346 1197 379 mundus.

271 386 393 419 Ridens
418 385 526 420 flenda
551 397 638 427 gero,
666 390 836 430 gaudendo
867 393 973 424 tristia
995 402 1124 433 quaem,

270 435 395 475 Quaero
420 436 616 475 spernenda,
642 446 750 478 spero,
776 448 858 479 quae
883 445 957 472 sunt
982 442 1164 474 metuenda.

271 483 394 514 Amans
420 482 502 515 illud
528 493 609 525 amo,
637 486 723 526 quod
749 491 887 519 amatum
915 489 1023 528 perdit
1048 493 1216 527 amantem,

271 531 359 562 Illud
386 530 508 563 habens
534 531 647 573 habeo,
675 535 759 573 quod
787 535 955 568 habentem
982 537 1089 569 reddit
1115 542 1269 577 egentem.

270 578 482 619 Hydropicus
507 580 589 611 mire
617 582 710 613 discit
736 584 878 624 potando
903 584 1005 624 sitire,

271 627 332 658 Vir
357 627 494 666 cupidus
520 628 635 660 misere
662 631 839 662 consuescit
866 632 1013 663 habendo
1038 641 1157 665 carere.

270 675 424 714 Improba
450 685 539 708 mens
566 677 696 709 nimium
722 680 852 718 cupiens
878 680 1022 720 sequitur
1045 679 1190 722 fugitiva,

271 722 394 763 Sponte
419 725 514 763 perit,
542 733 599 756 sua
626 726 742 758 damna
767 728 850 768 gerit
876 728 1034 768 cupiendo
1061 729 1183 761 nociva.

271 771 348 804 Cum
375 771 454 803 satis
480 777 648 813 utrumque
674 775 849 817 perpendo,
880 776 1059 816 bonumque
1085 777 1275 815 malumque,

269 819 364 858 Eligo
390 820 513 860 peiora,
540 820 615 852 licet
642 823 796 862 aspiciam
823 825 966 856 meliora.

269 866 387 899 Fomes
413 869 539 907 peccati
565 879 622 901 nos
648 870 760 911 alligat
785 872 954 911 impietati,

269 915 428 953 attrahit,
456 918 615 959 astringit,
643 919 794 957 captivat,
821 920 953 951 crimine
980 920 1089 960 cingit.

269 963 361 1002 Quod
388 965 579 1005 quandoque
607 967 724 1007 volens,
754 967 834 999 illud
863 967 946 999 facio
973 969 1066 999 niodo
1093 968 1213 1009 nolens,

268 1011 433 1049 Arbitror,
460 1017 495 1044 ut
520 1013 628 1052 nolim,
656 1015 711 1045 sed
740 1016 844 1046 adhuc
871 1017 952 1056 volo,
979 1016 1061 1046 sicut
1086 1019 1117 1046 et
1142 1016 1228 1047 oiim.

269 1059 389 1091 Versor
414 1060 446 1091 in
474 1061 533 1092 hoc
559 1063 677 1093 mundo
704 1064 793 1102 quasi
821 1064 870 1094 vel
898 1064 987 1095 navis
1015 1064 1063 1094 vel
1090 1065 1223 1101 arundo,

265 1107 367 1147 Quam
393 1108 479 1147 rapit
504 1107 640 1141 infestus
669 1110 726 1140 bac
749 1111 825 1142 illac
851 1117 965 1143 ventus
991 1116 1023 1142 et
1049 1116 1167 1145 aestus.

267 1155 377 1187 Turbo
404 1157 508 1195 quatit
535 1158 641 1189 varius
669 1157 719 1188 hic
746 1159 891 1198 cymbam
918 1160 1061 1198 corporis
1091 1160 1191 1199 buius,

266 1204 330 1236 Per
356 1203 462 1235 varios
489 1209 592 1237 motus
619 1215 676 1246 ego
705 1206 854 1238 discordo
881 1208 956 1239 mihi
984 1211 1079 1239 totus.

265 1251 407 1293 Spiritus
433 1256 530 1293 atque
557 1262 631 1285 caro
657 1258 746 1285 motu
772 1261 930 1287 vexantur
957 1265 1077 1293 amaro,

266 1301 304 1332 In
329 1309 380 1332 me
406 1306 577 1340 pugnatur,
605 1302 637 1333 in
662 1311 712 1333 me
739 1303 815 1334 mihi
842 1313 949 1344 pugna
976 1309 1118 1342 paratur.

266 1348 334 1380 Nos
359 1353 484 1389 gravat,
512 1353 547 1382 ut
571 1351 683 1384 nostis,
713 1360 787 1382 caro
813 1357 931 1389 nostra„
963 1351 1156 1382 domesticus
1184 1352 1294 1389 hostis,

265 1397 392 1437 Pugnat
417 1401 450 1428 et
475 1398 605 1438 instigat
633 1407 801 1439 quaerens,
827 1404 863 1430 ut
888 1400 1013 1440 spicula
1039 1400 1124 1440 figat.

265 1444 299 1477 Si
326 1445 407 1477 bene
431 1451 601 1487 pugnatur,
631 1456 706 1478 caro
731 1447 842 1486 servit,
871 1457 959 1479 mens
989 1449 1181 1486 dominatur,

264 1492 298 1525 Si
323 1494 407 1525 male
433 1499 586 1530 certatur,
615 1504 689 1526 caro
716 1496 825 1533 vincit,
853 1505 942 1528 mens
969 1498 1150 1535 super-atur.

264 1541 328 1574 Sed
355 1551 430 1574 caro
455 1543 506 1574 vel
533 1552 693 1583 nunquam
719 1544 769 1575 vel
796 1544 848 1576 vix
875 1544 1083 1584 superabitur
1109 1552 1259 1584 unquam,
1308 1566 1310 1569 .

263 1589 435 1630 Nunquam
460 1591 604 1630 sedatur,
632 1592 692 1623 nisi
721 1593 853 1624 caelitus
883 1593 941 1624 hoc
968 1592 1138 1624 tribuatur.

261 1638 446 1671 Murmurat
471 1639 590 1670 ancilla
616 1644 727 1672 contra
755 1641 916 1672 dominam
943 1646 1035 1671 vetus
1063 1640 1130 1675 illa.

262 1685 375 1718 Gauda
401 1691 497 1726 caput
523 1687 653 1728 frangit,
682 1697 756 1720 caro
782 1693 920 1721 mentem
949 1689 1073 1720 duriter
1098 1689 1195 1728 angit.

262 1734 330 1767 Pax
354 1735 432 1767 mihi
459 1736 547 1768 nulla
574 1736 680 1773 datur,
708 1737 769 1768 nisi
793 1746 867 1777 pax,
896 1746 989 1777 quam
1018 1745 1101 1768 mors
1126 1737 1306 1778 comitatur,

259 1783 331 1817 Pax
355 1787 572 1823 peccatorum,
599 1793 664 1824 pax
689 1784 907 1826 impugnanda
932 1785 1100 1817 malorum.

262 1831 329 1864 Nos
356 1837 387 1863 et
412 1837 523 1864 nostra
548 1841 656 1864 sumus
683 1834 772 1872 quasi
798 1832 856 1864 flos
883 1833 962 1873 agri,
990 1833 1081 1873 quasi
1110 1831 1223 1871 fumus,

259 1879 438 1912 Nobiscum
464 1885 576 1912 nostra
602 1884 740 1921 pereunt
765 1881 854 1922 quasi
883 1885 996 1913 ventus
1023 1885 1052 1912 et
1081 1880 1203 1913 umbra.

259 1928 357 1971 Ecce,
385 1928 469 1961 nivis
494 1938 584 1961 more
610 1930 695 1969 perit
720 1928 827 1961 infans
852 1931 947 1961 unius
972 1929 1081 1971 horae,

259 1977 348 2010 Vivit
375 1982 406 2009 et
433 1977 554 2018 absque
580 1987 671 2010 mora
698 1978 841 2019 moritur,
871 1987 932 2017 qua
958 1977 1112 2015 nascitur,
1140 1976 1226 2009 hora.

259 2025 414 2058 Nascitur
440 2030 471 2057 et
498 2026 644 2067 moritur,
674 2026 847 2066 deponitur
872 2032 901 2057 et
929 2026 1095 2066 sepelitur,

257 2073 333 2106 Non
357 2074 454 2106 homo
481 2076 537 2106 sed
568 2076 695 2114 vermis,
723 2085 785 2106 non
814 2074 862 2105 vir
888 2075 943 2106 sed
971 2078 1103 2105 truncus
1129 2072 1270 2105 inermis.

259 2121 361 2156 Dives
387 2131 575 2164 pauperque
601 2123 792 2164 pinguisque
818 2130 988 2162 macerque
1014 2120 1175 2161 peribunt,

257 2172 327 2210 Quo
353 2169 423 2203 fera
447 2180 545 2211 mors,
573 2170 643 2203 fera
668 2180 738 2203 sors
766 2174 857 2203 vocat
884 2170 952 2208 hos,
979 2169 1158 2209 aequaliter
1183 2169 1284 2204 ibunt.

259 2219 342 2252 Sunt
367 2219 480 2252 humus
507 2224 541 2251 et
565 2219 660 2251 limus
687 2219 747 2258 vir,
777 2218 907 2259 femina,
933 2227 1074 2249 summus
1101 2221 1133 2248 et
1158 2218 1250 2257 imus,

261 2267 380 2300 Servus
406 2267 563 2308 liberque,
591 2268 717 2299 vetulus
742 2267 929 2306 iuvenisque
954 2273 1107 2306 puerque.

258 2314 331 2348 Hoc
355 2325 475 2356 sumus,
503 2316 563 2348 hoe
589 2316 708 2348 erimus
734 2318 767 2346 et
792 2324 917 2346 eramus
943 2318 972 2345 et
1000 2314 1059 2345 hoc
1085 2313 1166 2345 bene
1189 2313 1318 2353 scimus,

257 2363 342 2397 Nam
367 2364 453 2405 quod
478 2368 548 2396 erat
573 2363 734 2404 primitus,
761 2363 823 2395 erit
848 2363 951 2394 omnis
978 2362 1071 2394 homo
1097 2362 1187 2402 quasi
1213 2362 1317 2396 limus.

255 2411 328 2446 Hoc
353 2415 439 2454 sunt,
466 2412 548 2445 illud
575 2416 680 2455 eruut,
707 2411 790 2443 illud
815 2411 1006 2451 quandoque
1034 2409 1174 2450 fuerunt,

1207 2466 1268 2495 23⁸
