<?xml version="1.0" encoding="UTF-8"?>
<!DOCTYPE html PUBLIC "-//W3C//DTD XHTML 1.0 Transitional//EN"
    "http://www.w3.org/TR/xhtml1/DTD/xhtml1-transitional.dtd">
<html xmlns="http://www.w3.org/1999/xhtml" xml:lang="en" lang="en">
 <head>
  <title>
</title>
<meta http-equiv="Content-Type" content="text/html;charset=utf-8" />
  <meta name='ocr-system' content='tesseract 3.04.00' />
  <meta name='ocr-capabilities' content='ocr_page ocr_carea ocr_par ocr_line ocrx_word'/>
</head>
<body>
  <div class='ocr_page' id='page_1' title='image "./analectahymnica46drevuoft/analectahymnica46drevuoft_0192.png"; bbox 0 0 1651 2680; ppageno 0'>
   <div class='ocr_carea' id='block_1_1' title="bbox 191 219 249 254">
    <p class='ocr_par' dir='ltr' id='par_1_1' title="bbox 191 219 249 254">
     <span class='ocr_line' id='line_1_1' title="bbox 191 219 249 254; baseline 0 -1"><span class='ocrx_word' id='word_1_1' title='bbox 191 219 249 254; x_wconf 87' lang='lat'>14.</span> 
     </span>
    </p>
   </div>
   <div class='ocr_carea' id='block_1_2' title="bbox 188 449 243 482">
    <p class='ocr_par' dir='ltr' id='par_1_2' title="bbox 188 449 243 482">
     <span class='ocr_line' id='line_1_2' title="bbox 188 449 243 482; baseline -0.018 0"><span class='ocrx_word' id='word_1_2' title='bbox 188 449 243 482; x_wconf 87' lang='grc'>15.</span> 
     </span>
    </p>
   </div>
   <div class='ocr_carea' id='block_1_3' title="bbox 187 679 243 713">
    <p class='ocr_par' dir='ltr' id='par_1_3' title="bbox 187 679 243 713">
     <span class='ocr_line' id='line_1_3' title="bbox 187 679 243 713; baseline 0.036 -2"><span class='ocrx_word' id='word_1_3' title='bbox 187 679 243 713; x_wconf 90' lang='grc'>16.</span> 
     </span>
    </p>
   </div>
   <div class='ocr_carea' id='block_1_4' title="bbox 188 1140 244 1174">
    <p class='ocr_par' dir='ltr' id='par_1_4' title="bbox 188 1140 244 1174">
     <span class='ocr_line' id='line_1_4' title="bbox 188 1140 244 1174; baseline -0.036 0"><span class='ocrx_word' id='word_1_4' title='bbox 188 1140 244 1174; x_wconf 86' lang='grc'>18.</span> 
     </span>
    </p>
   </div>
   <div class='ocr_carea' id='block_1_5' title="bbox 190 1373 244 1404">
    <p class='ocr_par' dir='ltr' id='par_1_5' title="bbox 190 1373 244 1404">
     <span class='ocr_line' id='line_1_5' title="bbox 190 1373 244 1404; baseline -0.019 0"><span class='ocrx_word' id='word_1_5' title='bbox 190 1373 244 1404; x_wconf 83' lang='grc'>19.</span> 
     </span>
    </p>
   </div>
   <div class='ocr_carea' id='block_1_6' title="bbox 185 1603 243 1636">
    <p class='ocr_par' dir='ltr' id='par_1_6' title="bbox 185 1603 243 1636">
     <span class='ocr_line' id='line_1_6' title="bbox 185 1603 243 1636; baseline 0 0"><span class='ocrx_word' id='word_1_6' title='bbox 185 1603 243 1636; x_wconf 90' lang='lat'>20.</span> 
     </span>
    </p>
   </div>
   <div class='ocr_carea' id='block_1_7' title="bbox 185 1835 241 1867">
    <p class='ocr_par' dir='ltr' id='par_1_7' title="bbox 185 1835 241 1867">
     <span class='ocr_line' id='line_1_7' title="bbox 185 1835 241 1867; baseline -0.018 0"><span class='ocrx_word' id='word_1_7' title='bbox 185 1835 241 1867; x_wconf 91' lang='lat'>21.</span> 
     </span>
    </p>
   </div>
   <div class='ocr_carea' id='block_1_8' title="bbox 183 2064 240 2096">
    <p class='ocr_par' dir='ltr' id='par_1_8' title="bbox 183 2064 240 2096">
     <span class='ocr_line' id='line_1_8' title="bbox 183 2064 240 2096; baseline -0.018 0"><span class='ocrx_word' id='word_1_8' title='bbox 183 2064 240 2096; x_wconf 84' lang='lat'>22.</span> 
     </span>
    </p>
   </div>
   <div class='ocr_carea' id='block_1_9' title="bbox 182 2291 239 2323">
    <p class='ocr_par' dir='ltr' id='par_1_9' title="bbox 182 2291 239 2323">
     <span class='ocr_line' id='line_1_9' title="bbox 182 2291 239 2323; baseline 0 -1"><span class='ocrx_word' id='word_1_9' title='bbox 182 2291 239 2323; x_wconf 90' lang='lat'>23.</span> 
     </span>
    </p>
   </div>
   <div class='ocr_carea' id='block_1_10' title="bbox 705 121 965 157">
    <p class='ocr_par' dir='ltr' id='par_1_10' title="bbox 705 121 965 157">
     <span class='ocr_line' id='line_1_10' title="bbox 705 121 965 157; baseline -0.004 0"><span class='ocrx_word' id='word_1_10' title='bbox 705 141 745 145; x_wconf 93' lang='lat'><em>-</em></span> <span class='ocrx_word' id='word_1_11' title='bbox 802 121 965 157; x_wconf 86' lang='lat'>189—</span> 
     </span>
    </p>
   </div>
   <div class='ocr_carea' id='block_1_11' title="bbox 270 217 767 402">
    <p class='ocr_par' dir='ltr' id='par_1_11' title="bbox 276 217 669 260">
     <span class='ocr_line' id='line_1_11' title="bbox 276 217 669 260; baseline -0.008 -8"><span class='ocrx_word' id='word_1_12' title='bbox 276 219 302 252; x_wconf 95' lang='grc' dir='ltr'><strong>Ο</strong></span> <span class='ocrx_word' id='word_1_13' title='bbox 327 226 487 260; x_wconf 82' lang='lat' dir='ltr'><strong>puerpera</strong></span> <span class='ocrx_word' id='word_1_14' title='bbox 512 217 669 257; x_wconf 89' lang='lat' dir='ltr'>sublimis,</span> 
     </span>
    </p>

    <p class='ocr_par' dir='ltr' id='par_1_12' title="bbox 270 266 767 402">
     <span class='ocr_line' id='line_1_12' title="bbox 273 266 767 306; baseline -0.002 -7"><span class='ocrx_word' id='word_1_15' title='bbox 273 267 299 299; x_wconf 95' lang='grc' dir='ltr'><strong>Ο</strong></span> <span class='ocrx_word' id='word_1_16' title='bbox 325 270 447 306; x_wconf 86' lang='lat' dir='ltr'>sancta,</span> <span class='ocrx_word' id='word_1_17' title='bbox 474 266 637 298; x_wconf 84' lang='lat' dir='ltr'>laudanda</span> <span class='ocrx_word' id='word_1_18' title='bbox 663 267 767 305; x_wconf 90' lang='lat' dir='ltr'>nimis,</span> 
     </span>
     <span class='ocr_line' id='line_1_13' title="bbox 271 314 707 355; baseline -0.005 -7"><span class='ocrx_word' id='word_1_19' title='bbox 271 315 329 348; x_wconf 89' lang='lat' dir='ltr'>Cui</span> <span class='ocrx_word' id='word_1_20' title='bbox 356 314 543 355; x_wconf 81' lang='lat' dir='ltr'>mysterium</span> <span class='ocrx_word' id='word_1_21' title='bbox 570 314 707 346; x_wconf 85' lang='lat' dir='ltr'>caeleste</span> 
     </span>
     <span class='ocr_line' id='line_1_14' title="bbox 270 362 680 402; baseline -0.002 -7"><span class='ocrx_word' id='word_1_22' title='bbox 270 362 423 396; x_wconf 82' lang='lat' dir='ltr'>Creditur</span> <span class='ocrx_word' id='word_1_23' title='bbox 448 362 562 402; x_wconf 85' lang='lat' dir='ltr'>angelo</span> <span class='ocrx_word' id='word_1_24' title='bbox 587 366 680 395; x_wconf 91' lang='lat' dir='ltr'>teste.</span> 
     </span>
    </p>
   </div>
   <div class='ocr_carea' id='block_1_12' title="bbox 268 448 808 632">
    <p class='ocr_par' dir='ltr' id='par_1_13' title="bbox 271 448 667 489">
     <span class='ocr_line' id='line_1_15' title="bbox 271 448 667 489; baseline 0 -10"><span class='ocrx_word' id='word_1_25' title='bbox 271 448 455 488; x_wconf 88' lang='lat' dir='ltr'>Suscipiens</span> <span class='ocrx_word' id='word_1_26' title='bbox 480 449 560 480; x_wconf 92' lang='lat' dir='ltr'>illud</span> <span class='ocrx_word' id='word_1_27' title='bbox 586 450 667 489; x_wconf 73' lang='lat' dir='ltr'>Ave,</span> 
     </span>
    </p>

    <p class='ocr_par' dir='ltr' id='par_1_14' title="bbox 268 496 808 632">
     <span class='ocr_line' id='line_1_16' title="bbox 269 496 722 535; baseline 0.002 -7"><span class='ocrx_word' id='word_1_28' title='bbox 269 496 371 528; x_wconf 86' lang='lat' dir='ltr'>Dulce</span> <span class='ocrx_word' id='word_1_29' title='bbox 399 496 528 528; x_wconf 89' lang='lat' dir='ltr'>verbum</span> <span class='ocrx_word' id='word_1_30' title='bbox 557 501 589 528; x_wconf 87' lang='lat' dir='ltr'>et</span> <span class='ocrx_word' id='word_1_31' title='bbox 614 506 722 535; x_wconf 87' lang='lat' dir='ltr'>suave,</span> 
     </span>
     <span class='ocr_line' id='line_1_17' title="bbox 268 544 808 585; baseline 0 -9"><span class='ocrx_word' id='word_1_32' title='bbox 268 544 359 584; x_wconf 80' lang='lat' dir='ltr'>Quod</span> <span class='ocrx_word' id='word_1_33' title='bbox 375 545 499 576; x_wconf 90' lang='lat' dir='ltr'>cunctis</span> <span class='ocrx_word' id='word_1_34' title='bbox 514 544 607 575; x_wconf 91' lang='lat' dir='ltr'>nimis</span> <span class='ocrx_word' id='word_1_35' title='bbox 622 549 671 576; x_wconf 90' lang='lat' dir='ltr'>est</span> <span class='ocrx_word' id='word_1_36' title='bbox 683 545 808 585; x_wconf 77' lang='lat' dir='ltr'>mirum,</span> 
     </span>
     <span class='ocr_line' id='line_1_18' title="bbox 269 592 735 632; baseline 0.002 -9"><span class='ocrx_word' id='word_1_37' title='bbox 269 592 420 632; x_wconf 86' lang='lat' dir='ltr'>Concipis</span> <span class='ocrx_word' id='word_1_38' title='bbox 446 593 592 623; x_wconf 85' lang='lat' dir='ltr'>nesciens</span> <span class='ocrx_word' id='word_1_39' title='bbox 622 593 735 624; x_wconf 91' lang='lat' dir='ltr'>virum.</span> 
     </span>
    </p>
   </div>
   <div class='ocr_carea' id='block_1_13' title="bbox 270 679 809 866">
    <p class='ocr_par' dir='ltr' id='par_1_15' title="bbox 271 679 809 814">
     <span class='ocr_line' id='line_1_19' title="bbox 272 679 764 718; baseline 0.002 -9"><span class='ocrx_word' id='word_1_40' title='bbox 272 679 329 710; x_wconf 86' lang='lat' dir='ltr'>Est</span> <span class='ocrx_word' id='word_1_41' title='bbox 357 682 443 710; x_wconf 90' lang='lat' dir='ltr'>tuum</span> <span class='ocrx_word' id='word_1_42' title='bbox 469 688 584 718; x_wconf 89' lang='lat' dir='ltr'>corpus</span> <span class='ocrx_word' id='word_1_43' title='bbox 611 681 764 710; x_wconf 85' lang='lat' dir='ltr'>intactum</span> 
     </span>
     <span class='ocr_line' id='line_1_20' title="bbox 273 726 809 766; baseline 0.002 -9"><span class='ocrx_word' id='word_1_44' title='bbox 273 727 440 766; x_wconf 91' lang='lat' dir='ltr'>Templum</span> <span class='ocrx_word' id='word_1_45' title='bbox 478 727 537 758; x_wconf 89' lang='lat' dir='ltr'>Dei</span> <span class='ocrx_word' id='word_1_46' title='bbox 562 728 593 758; x_wconf 93' lang='lat' dir='ltr'>in</span> <span class='ocrx_word' id='word_1_47' title='bbox 621 731 652 758; x_wconf 88' lang='lat' dir='ltr'>te</span> <span class='ocrx_word' id='word_1_48' title='bbox 679 726 809 766; x_wconf 84' lang='lat' dir='ltr'>factum,</span> 
     </span>
     <span class='ocr_line' id='line_1_21' title="bbox 271 775 674 814; baseline 0 -8"><span class='ocrx_word' id='word_1_49' title='bbox 271 776 369 814; x_wconf 78' lang='lat' dir='ltr'>Quem</span> <span class='ocrx_word' id='word_1_50' title='bbox 398 784 512 806; x_wconf 88' lang='lat' dir='ltr'>revera</span> <span class='ocrx_word' id='word_1_51' title='bbox 537 775 674 814; x_wconf 82' lang='lat' dir='ltr'>genuisti</span> 
     </span>
    </p>

    <p class='ocr_par' dir='ltr' id='par_1_16' title="bbox 270 819 689 866">
     <span class='ocr_line' id='line_1_22' title="bbox 270 819 689 866; baseline 0.005 -13"><span class='ocrx_word' id='word_1_52' title='bbox 270 823 310 854; x_wconf 90' lang='lat' dir='ltr'>Et</span> <span class='ocrx_word' id='word_1_53' title='bbox 342 819 424 866; x_wconf 70' lang='lat' dir='ltr'>[tuo]</span> <span class='ocrx_word' id='word_1_54' title='bbox 452 823 535 854; x_wconf 89' lang='lat' dir='ltr'>lacte</span> <span class='ocrx_word' id='word_1_55' title='bbox 561 823 689 863; x_wconf 83' lang='lat' dir='ltr'>pavisti.</span> 
     </span>
    </p>
   </div>
   <div class='ocr_carea' id='block_1_14' title="bbox 234 909 809 951">
    <p class='ocr_par' dir='ltr' id='par_1_17' title="bbox 234 909 809 951">
     <span class='ocr_line' id='line_1_23' title="bbox 234 909 809 951; baseline -0.003 -9"><span class='ocrx_word' id='word_1_56' title='bbox 234 935 242 942; x_wconf 88' lang='lat'>.</span> <span class='ocrx_word' id='word_1_57' title='bbox 270 909 411 951; x_wconf 87' lang='lat' dir='ltr'>Caelum,</span> <span class='ocrx_word' id='word_1_58' title='bbox 441 914 560 941; x_wconf 90' lang='lat' dir='ltr'>terram</span> <span class='ocrx_word' id='word_1_59' title='bbox 579 909 809 949; x_wconf 79' lang='lat' dir='ltr'>gubernantem</span> 
     </span>
    </p>
   </div>
   <div class='ocr_carea' id='block_1_15' title="bbox 267 957 808 1093">
    <p class='ocr_par' dir='ltr' id='par_1_18' title="bbox 267 957 808 1093">
     <span class='ocr_line' id='line_1_24' title="bbox 269 957 808 999; baseline 0 -11"><span class='ocrx_word' id='word_1_60' title='bbox 269 957 352 988; x_wconf 88' lang='lat' dir='ltr'>Dum</span> <span class='ocrx_word' id='word_1_61' title='bbox 385 958 590 997; x_wconf 81' lang='lat' dir='ltr'>conspiceres</span> <span class='ocrx_word' id='word_1_62' title='bbox 618 962 808 999; x_wconf 84' lang='lat' dir='ltr'>reptantem,</span> 
     </span>
     <span class='ocr_line' id='line_1_25' title="bbox 270 1005 753 1046; baseline -0.002 -9"><span class='ocrx_word' id='word_1_63' title='bbox 270 1006 358 1038; x_wconf 90' lang='lat' dir='ltr'>Piam</span> <span class='ocrx_word' id='word_1_64' title='bbox 388 1006 535 1037; x_wconf 84' lang='lat' dir='ltr'>dextram</span> <span class='ocrx_word' id='word_1_65' title='bbox 564 1005 753 1046; x_wconf 79' lang='lat' dir='ltr'>porrigebas</span> 
     </span>
     <span class='ocr_line' id='line_1_26' title="bbox 267 1053 682 1093; baseline 0 -9"><span class='ocrx_word' id='word_1_66' title='bbox 267 1053 308 1084; x_wconf 85' lang='lat' dir='ltr'>Et</span> <span class='ocrx_word' id='word_1_67' title='bbox 336 1054 496 1084; x_wconf 87' lang='lat' dir='ltr'>sustinens</span> <span class='ocrx_word' id='word_1_68' title='bbox 525 1054 682 1093; x_wconf 82' lang='lat' dir='ltr'>erigebas.</span> 
     </span>
    </p>
   </div>
   <div class='ocr_carea' id='block_1_16' title="bbox 268 1139 770 1324">
    <p class='ocr_par' dir='ltr' id='par_1_19' title="bbox 269 1139 770 1275">
     <span class='ocr_line' id='line_1_27' title="bbox 271 1139 769 1180; baseline -0.002 -10"><span class='ocrx_word' id='word_1_69' title='bbox 271 1140 333 1171; x_wconf 90' lang='lat' dir='ltr'>Hic</span> <span class='ocrx_word' id='word_1_70' title='bbox 359 1140 390 1170; x_wconf 91' lang='lat' dir='ltr'>in</span> <span class='ocrx_word' id='word_1_71' title='bbox 418 1139 508 1171; x_wconf 82' lang='lat' dir='ltr'>cunis</span> <span class='ocrx_word' id='word_1_72' title='bbox 535 1139 608 1170; x_wconf 92' lang='lat' dir='ltr'>dum</span> <span class='ocrx_word' id='word_1_73' title='bbox 637 1139 769 1180; x_wconf 67' lang='lat' dir='ltr'>vagiret,</span> 
     </span>
     <span class='ocr_line' id='line_1_28' title="bbox 269 1187 770 1227; baseline -0.004 -8"><span class='ocrx_word' id='word_1_74' title='bbox 269 1187 514 1226; x_wconf 84' lang='lat' dir='ltr'>Blandimentis,</span> <span class='ocrx_word' id='word_1_75' title='bbox 542 1191 577 1218; x_wconf 82' lang='lat' dir='ltr'>ut</span> <span class='ocrx_word' id='word_1_76' title='bbox 605 1187 770 1227; x_wconf 91' lang='lat' dir='ltr'>dormiret,</span> 
     </span>
     <span class='ocr_line' id='line_1_29' title="bbox 270 1235 598 1275; baseline -0.006 -7"><span class='ocrx_word' id='word_1_77' title='bbox 270 1236 404 1275; x_wconf 86' lang='lat' dir='ltr'>Saepius</span> <span class='ocrx_word' id='word_1_78' title='bbox 431 1235 598 1266; x_wconf 83' lang='lat' dir='ltr'>obtinuisti</span> 
     </span>
    </p>

    <p class='ocr_par' dir='ltr' id='par_1_20' title="bbox 268 1283 644 1324">
     <span class='ocr_line' id='line_1_30' title="bbox 268 1283 644 1324; baseline -0.005 -8"><span class='ocrx_word' id='word_1_79' title='bbox 268 1284 310 1316; x_wconf 80' lang='lat' dir='ltr'>Et</span> <span class='ocrx_word' id='word_1_80' title='bbox 336 1284 451 1324; x_wconf 86' lang='lat' dir='ltr'>pannis</span> <span class='ocrx_word' id='word_1_81' title='bbox 478 1283 644 1324; x_wconf 84' lang='lat' dir='ltr'>operuisti.</span> 
     </span>
    </p>
   </div>
   <div class='ocr_carea' id='block_1_17' title="bbox 269 1370 757 1559">
    <p class='ocr_par' dir='ltr' id='par_1_21' title="bbox 269 1370 757 1559">
     <span class='ocr_line' id='line_1_31' title="bbox 272 1370 731 1411; baseline -0.004 -9"><span class='ocrx_word' id='word_1_82' title='bbox 272 1371 379 1403; x_wconf 84' lang='lat' dir='ltr'>Mater</span> <span class='ocrx_word' id='word_1_83' title='bbox 405 1371 464 1402; x_wconf 89' lang='lat' dir='ltr'>Dei</span> <span class='ocrx_word' id='word_1_84' title='bbox 491 1376 586 1410; x_wconf 80' lang='lat' dir='ltr'>atque</span> <span class='ocrx_word' id='word_1_85' title='bbox 613 1370 731 1411; x_wconf 85' lang='lat' dir='ltr'>nutrix,</span> 
     </span>
     <span class='ocr_line' id='line_1_32' title="bbox 271 1418 757 1458; baseline -0.004 -8"><span class='ocrx_word' id='word_1_86' title='bbox 271 1419 351 1451; x_wconf 88' lang='lat' dir='ltr'>Esto</span> <span class='ocrx_word' id='word_1_87' title='bbox 377 1419 469 1450; x_wconf 88' lang='lat' dir='ltr'>nobis</span> <span class='ocrx_word' id='word_1_88' title='bbox 494 1427 578 1450; x_wconf 90' lang='lat' dir='ltr'>nunc</span> <span class='ocrx_word' id='word_1_89' title='bbox 603 1418 757 1458; x_wconf 81' lang='lat' dir='ltr'>adiutrix,</span> 
     </span>
     <span class='ocr_line' id='line_1_33' title="bbox 271 1466 754 1508; baseline -0.006 -8"><span class='ocrx_word' id='word_1_90' title='bbox 271 1467 361 1500; x_wconf 88' lang='lat' dir='ltr'>Sicut</span> <span class='ocrx_word' id='word_1_91' title='bbox 386 1476 444 1498; x_wconf 91' lang='lat' dir='ltr'>nos</span> <span class='ocrx_word' id='word_1_92' title='bbox 471 1467 635 1506; x_wconf 87' lang='lat' dir='ltr'>cognoscis</span> <span class='ocrx_word' id='word_1_93' title='bbox 662 1466 754 1508; x_wconf 85' lang='lat' dir='ltr'>velle,</span> 
     </span>
     <span class='ocr_line' id='line_1_34' title="bbox 269 1513 757 1559; baseline -0.004 -12"><span class='ocrx_word' id='word_1_94' title='bbox 269 1513 337 1559; x_wconf 81' lang='lat' dir='ltr'>[Et]</span> <span class='ocrx_word' id='word_1_95' title='bbox 366 1519 499 1555; x_wconf 90' lang='lat' dir='ltr'>peccata</span> <span class='ocrx_word' id='word_1_96' title='bbox 525 1515 636 1554; x_wconf 90' lang='lat' dir='ltr'>procul</span> <span class='ocrx_word' id='word_1_97' title='bbox 663 1514 757 1554; x_wconf 90' lang='lat' dir='ltr'>pelle.</span> 
     </span>
    </p>
   </div>
   <div class='ocr_carea' id='block_1_18' title="bbox 267 1601 808 1786">
    <p class='ocr_par' dir='ltr' id='par_1_22' title="bbox 267 1601 808 1786">
     <span class='ocr_line' id='line_1_35' title="bbox 270 1601 722 1639; baseline -0.004 -4"><span class='ocrx_word' id='word_1_98' title='bbox 270 1603 296 1635; x_wconf 87' lang='grc' dir='ltr'>Ο</span> <span class='ocrx_word' id='word_1_99' title='bbox 322 1611 405 1634; x_wconf 83' lang='lat' dir='ltr'>nova</span> <span class='ocrx_word' id='word_1_100' title='bbox 431 1611 482 1633; x_wconf 88' lang='lat' dir='ltr'>res</span> <span class='ocrx_word' id='word_1_101' title='bbox 508 1607 538 1632; x_wconf 90' lang='lat' dir='ltr'>et</span> <span class='ocrx_word' id='word_1_102' title='bbox 565 1601 722 1639; x_wconf 85' lang='lat' dir='ltr'>miranda,</span> 
     </span>
     <span class='ocr_line' id='line_1_36' title="bbox 268 1649 730 1690; baseline 0 -9"><span class='ocrx_word' id='word_1_103' title='bbox 268 1649 334 1681; x_wconf 89' lang='lat' dir='ltr'>Per</span> <span class='ocrx_word' id='word_1_104' title='bbox 360 1650 487 1681; x_wconf 88' lang='lat' dir='ltr'>saecula</span> <span class='ocrx_word' id='word_1_105' title='bbox 513 1650 730 1690; x_wconf 89' lang='lat' dir='ltr'>memoranda,</span> 
     </span>
     <span class='ocr_line' id='line_1_37' title="bbox 267 1697 808 1739; baseline -0.002 -10"><span class='ocrx_word' id='word_1_106' title='bbox 267 1698 327 1738; x_wconf 88' lang='lat' dir='ltr'>Qui</span> <span class='ocrx_word' id='word_1_107' title='bbox 355 1702 473 1729; x_wconf 89' lang='lat' dir='ltr'>terram</span> <span class='ocrx_word' id='word_1_108' title='bbox 501 1698 608 1737; x_wconf 89' lang='lat' dir='ltr'>palmo</span> <span class='ocrx_word' id='word_1_109' title='bbox 634 1697 808 1739; x_wconf 87' lang='lat' dir='ltr'>concludit,</span> 
     </span>
     <span class='ocr_line' id='line_1_38' title="bbox 270 1746 754 1786; baseline -0.004 -8"><span class='ocrx_word' id='word_1_110' title='bbox 270 1748 348 1778; x_wconf 72' lang='lat' dir='ltr'>Cum</span> <span class='ocrx_word' id='word_1_111' title='bbox 377 1747 500 1786; x_wconf 86' lang='lat' dir='ltr'>virgine</span> <span class='ocrx_word' id='word_1_112' title='bbox 526 1750 628 1777; x_wconf 88' lang='lat' dir='ltr'>matre</span> <span class='ocrx_word' id='word_1_113' title='bbox 654 1746 754 1777; x_wconf 84' lang='lat' dir='ltr'>ludit!</span> 
     </span>
    </p>
   </div>
   <div class='ocr_carea' id='block_1_19' title="bbox 266 1832 789 2018">
    <p class='ocr_par' dir='ltr' id='par_1_23' title="bbox 266 1832 789 1970">
     <span class='ocr_line' id='line_1_39' title="bbox 269 1832 777 1874; baseline -0.002 -10"><span class='ocrx_word' id='word_1_114' title='bbox 269 1834 328 1874; x_wconf 86' lang='lat' dir='ltr'>Qui</span> <span class='ocrx_word' id='word_1_115' title='bbox 356 1833 436 1865; x_wconf 87' lang='lat' dir='ltr'>caeli</span> <span class='ocrx_word' id='word_1_116' title='bbox 463 1833 605 1864; x_wconf 85' lang='lat' dir='ltr'>continet</span> <span class='ocrx_word' id='word_1_117' title='bbox 629 1832 777 1863; x_wconf 87' lang='lat' dir='ltr'>thronum</span> 
     </span>
     <span class='ocr_line' id='line_1_40' title="bbox 268 1880 789 1921; baseline -0.004 -8"><span class='ocrx_word' id='word_1_118' title='bbox 268 1882 310 1914; x_wconf 85' lang='lat' dir='ltr'>Et</span> <span class='ocrx_word' id='word_1_119' title='bbox 338 1891 357 1912; x_wconf 83' lang='lat' dir='ltr'>a</span> <span class='ocrx_word' id='word_1_120' title='bbox 383 1890 444 1921; x_wconf 85' lang='lat' dir='ltr'>quo</span> <span class='ocrx_word' id='word_1_121' title='bbox 471 1884 519 1912; x_wconf 87' lang='lat' dir='ltr'>est</span> <span class='ocrx_word' id='word_1_122' title='bbox 543 1889 635 1912; x_wconf 92' lang='lat' dir='ltr'>omne</span> <span class='ocrx_word' id='word_1_123' title='bbox 663 1880 789 1920; x_wconf 83' lang='lat' dir='ltr'>bonum,</span> 
     </span>
     <span class='ocr_line' id='line_1_41' title="bbox 266 1929 756 1970; baseline -0.004 -9"><span class='ocrx_word' id='word_1_124' title='bbox 266 1930 539 1970; x_wconf 85' lang='lat' dir='ltr'>Quemadmodum</span> <span class='ocrx_word' id='word_1_125' title='bbox 566 1929 614 1960; x_wconf 90' lang='lat' dir='ltr'>illi</span> <span class='ocrx_word' id='word_1_126' title='bbox 641 1929 756 1970; x_wconf 85' lang='lat' dir='ltr'>placet,</span> 
     </span>
    </p>

    <p class='ocr_par' dir='ltr' id='par_1_24' title="bbox 266 1977 673 2018">
     <span class='ocr_line' id='line_1_42' title="bbox 266 1977 673 2018; baseline -0.005 -8"><span class='ocrx_word' id='word_1_127' title='bbox 266 1980 302 2011; x_wconf 90' lang='lat' dir='ltr'>In</span> <span class='ocrx_word' id='word_1_128' title='bbox 330 1979 400 2009; x_wconf 79' lang='lat' dir='ltr'>sinu</span> <span class='ocrx_word' id='word_1_129' title='bbox 427 1978 553 2018; x_wconf 79' lang='lat' dir='ltr'>puellae</span> <span class='ocrx_word' id='word_1_130' title='bbox 580 1977 673 2011; x_wconf 82' lang='lat' dir='ltr'>iacet.</span> 
     </span>
    </p>
   </div>
   <div class='ocr_carea' id='block_1_20' title="bbox 267 2059 774 2244">
    <p class='ocr_par' dir='ltr' id='par_1_25' title="bbox 267 2059 774 2190">
     <span class='ocr_line' id='line_1_43' title="bbox 269 2059 774 2101; baseline -0.004 -9"><span class='ocrx_word' id='word_1_131' title='bbox 269 2067 358 2101; x_wconf 70' lang='lat' dir='ltr'>Quae</span> <span class='ocrx_word' id='word_1_132' title='bbox 384 2061 533 2097; x_wconf 86' lang='lat' dir='ltr'>laetatur,</span> <span class='ocrx_word' id='word_1_133' title='bbox 561 2060 641 2091; x_wconf 89' lang='lat' dir='ltr'>sicut</span> <span class='ocrx_word' id='word_1_134' title='bbox 669 2059 774 2101; x_wconf 83' lang='lat' dir='ltr'>debet,</span> 
     </span>
     <span class='ocr_line' id='line_1_44' title="bbox 268 2108 674 2148; baseline -0.007 -6"><span class='ocrx_word' id='word_1_135' title='bbox 268 2110 310 2142; x_wconf 91' lang='lat' dir='ltr'>Et</span> <span class='ocrx_word' id='word_1_136' title='bbox 338 2109 450 2142; x_wconf 84' lang='lat' dir='ltr'>oscula</span> <span class='ocrx_word' id='word_1_137' title='bbox 475 2109 502 2140; x_wconf 89' lang='lat' dir='ltr'>ei</span> <span class='ocrx_word' id='word_1_138' title='bbox 530 2108 674 2148; x_wconf 80' lang='lat' dir='ltr'>praebet.</span> 
     </span>
     <span class='ocr_line' id='line_1_45' title="bbox 267 2157 637 2190; baseline -0.008 0"><span class='ocrx_word' id='word_1_139' title='bbox 267 2159 360 2190; x_wconf 88' lang='lat' dir='ltr'>More</span> <span class='ocrx_word' id='word_1_140' title='bbox 388 2157 517 2189; x_wconf 88' lang='lat' dir='ltr'>feminei</span> <span class='ocrx_word' id='word_1_141' title='bbox 543 2166 637 2188; x_wconf 87' lang='lat' dir='ltr'>sexus</span> 
     </span>
    </p>

    <p class='ocr_par' dir='ltr' id='par_1_26' title="bbox 270 2205 722 2244">
     <span class='ocr_line' id='line_1_46' title="bbox 270 2205 722 2244; baseline -0.002 -6"><span class='ocrx_word' id='word_1_142' title='bbox 270 2206 356 2238; x_wconf 79' lang='lat' dir='ltr'>Nato</span> <span class='ocrx_word' id='word_1_143' title='bbox 381 2215 438 2238; x_wconf 91' lang='lat' dir='ltr'>suo</span> <span class='ocrx_word' id='word_1_144' title='bbox 465 2206 521 2238; x_wconf 84' lang='lat' dir='ltr'>dat</span> <span class='ocrx_word' id='word_1_145' title='bbox 546 2205 722 2244; x_wconf 83' lang='lat' dir='ltr'>amplexus.</span> 
     </span>
    </p>
   </div>
   <div class='ocr_carea' id='block_1_21' title="bbox 266 2286 806 2473">
    <p class='ocr_par' dir='ltr' id='par_1_27' title="bbox 266 2286 806 2473">
     <span class='ocr_line' id='line_1_47' title="bbox 267 2286 708 2328; baseline -0.007 -8"><span class='ocrx_word' id='word_1_146' title='bbox 267 2290 295 2321; x_wconf 91' lang='lat' dir='ltr'>A</span> <span class='ocrx_word' id='word_1_147' title='bbox 323 2287 513 2328; x_wconf 89' lang='lat' dir='ltr'>quibusdam</span> <span class='ocrx_word' id='word_1_148' title='bbox 542 2286 708 2318; x_wconf 87' lang='lat' dir='ltr'>dubitatur</span> 
     </span>
     <span class='ocr_line' id='line_1_48' title="bbox 266 2336 806 2375; baseline -0.004 -7"><span class='ocrx_word' id='word_1_149' title='bbox 266 2337 356 2369; x_wconf 87' lang='lat' dir='ltr'>Haec</span> <span class='ocrx_word' id='word_1_150' title='bbox 390 2336 459 2368; x_wconf 92' lang='lat' dir='ltr'>viro</span> <span class='ocrx_word' id='word_1_151' title='bbox 492 2345 549 2367; x_wconf 87' lang='lat' dir='ltr'>cur</span> <span class='ocrx_word' id='word_1_152' title='bbox 575 2337 806 2375; x_wconf 71' lang='lat' dir='ltr'>desponsatur,</span> 
     </span>
     <span class='ocr_line' id='line_1_49' title="bbox 268 2383 757 2426; baseline -0.006 -9"><span class='ocrx_word' id='word_1_153' title='bbox 268 2385 432 2424; x_wconf 86' lang='lat' dir='ltr'>Dicamus,</span> <span class='ocrx_word' id='word_1_154' title='bbox 460 2393 499 2416; x_wconf 93' lang='lat' dir='ltr'>ne</span> <span class='ocrx_word' id='word_1_155' title='bbox 526 2384 596 2424; x_wconf 92' lang='lat' dir='ltr'>quis</span> <span class='ocrx_word' id='word_1_156' title='bbox 623 2383 757 2426; x_wconf 86' lang='lat' dir='ltr'>ignoret,</span> 
     </span>
     <span class='ocr_line' id='line_1_50' title="bbox 267 2432 750 2473; baseline -0.002 -7"><span class='ocrx_word' id='word_1_157' title='bbox 267 2434 437 2473; x_wconf 86' lang='lat' dir='ltr'>Nimirum,</span> <span class='ocrx_word' id='word_1_158' title='bbox 463 2437 499 2465; x_wconf 90' lang='lat' dir='ltr'>ut</span> <span class='ocrx_word' id='word_1_159' title='bbox 525 2436 630 2464; x_wconf 89' lang='lat' dir='ltr'>custos</span> <span class='ocrx_word' id='word_1_160' title='bbox 658 2432 750 2465; x_wconf 87' lang='lat' dir='ltr'>foret.</span> 
     </span>
    </p>
   </div>
   <div class='ocr_carea' id='block_1_22' title="bbox 881 221 937 252">
    <p class='ocr_par' dir='ltr' id='par_1_28' title="bbox 881 221 937 252">
     <span class='ocr_line' id='line_1_51' title="bbox 881 221 937 252; baseline 0 0"><span class='ocrx_word' id='word_1_161' title='bbox 881 221 937 252; x_wconf 87' lang='lat'>24.</span> 
     </span>
    </p>
   </div>
   <div class='ocr_carea' id='block_1_23' title="bbox 882 452 936 483">
    <p class='ocr_par' dir='ltr' id='par_1_29' title="bbox 882 452 936 483">
     <span class='ocr_line' id='line_1_52' title="bbox 882 452 936 483; baseline 0 0"><span class='ocrx_word' id='word_1_162' title='bbox 882 452 936 483; x_wconf 89' lang='lat'>25.</span> 
     </span>
    </p>
   </div>
   <div class='ocr_carea' id='block_1_24' title="bbox 883 681 938 712">
    <p class='ocr_par' dir='ltr' id='par_1_30' title="bbox 883 681 938 712">
     <span class='ocr_line' id='line_1_53' title="bbox 883 681 938 712; baseline 0 0"><span class='ocrx_word' id='word_1_163' title='bbox 883 681 938 712; x_wconf 84' lang='lat'>26.</span> 
     </span>
    </p>
   </div>
   <div class='ocr_carea' id='block_1_25' title="bbox 882 910 936 942">
    <p class='ocr_par' dir='ltr' id='par_1_31' title="bbox 882 910 936 942">
     <span class='ocr_line' id='line_1_54' title="bbox 882 910 936 942; baseline 0 0"><span class='ocrx_word' id='word_1_164' title='bbox 882 910 936 942; x_wconf 84' lang='lat'>27.</span> 
     </span>
    </p>
   </div>
   <div class='ocr_carea' id='block_1_26' title="bbox 883 1139 938 1172">
    <p class='ocr_par' dir='ltr' id='par_1_32' title="bbox 883 1139 938 1172">
     <span class='ocr_line' id='line_1_55' title="bbox 883 1139 938 1172; baseline 0.036 -2"><span class='ocrx_word' id='word_1_165' title='bbox 883 1139 938 1172; x_wconf 83' lang='lat'>28.</span> 
     </span>
    </p>
   </div>
   <div class='ocr_carea' id='block_1_27' title="bbox 881 1371 936 1402">
    <p class='ocr_par' dir='ltr' id='par_1_33' title="bbox 881 1371 936 1402">
     <span class='ocr_line' id='line_1_56' title="bbox 881 1371 936 1402; baseline -0.018 0"><span class='ocrx_word' id='word_1_166' title='bbox 881 1371 936 1402; x_wconf 88' lang='grc'>29.</span> 
     </span>
    </p>
   </div>
   <div class='ocr_carea' id='block_1_28' title="bbox 882 1601 937 1635">
    <p class='ocr_par' dir='ltr' id='par_1_34' title="bbox 882 1601 937 1635">
     <span class='ocr_line' id='line_1_57' title="bbox 882 1601 937 1635; baseline 0 -1"><span class='ocrx_word' id='word_1_167' title='bbox 882 1601 937 1635; x_wconf 88' lang='grc'>30.</span> 
     </span>
    </p>
   </div>
   <div class='ocr_carea' id='block_1_29' title="bbox 879 1833 934 1865">
    <p class='ocr_par' dir='ltr' id='par_1_35' title="bbox 879 1833 934 1865">
     <span class='ocr_line' id='line_1_58' title="bbox 879 1833 934 1865; baseline -0.036 0"><span class='ocrx_word' id='word_1_168' title='bbox 879 1833 934 1865; x_wconf 90' lang='lat'>31.</span> 
     </span>
    </p>
   </div>
   <div class='ocr_carea' id='block_1_30' title="bbox 882 2061 937 2092">
    <p class='ocr_par' dir='ltr' id='par_1_36' title="bbox 882 2061 937 2092">
     <span class='ocr_line' id='line_1_59' title="bbox 882 2061 937 2092; baseline 0 0"><span class='ocrx_word' id='word_1_169' title='bbox 882 2061 937 2092; x_wconf 88' lang='lat'>32.</span> 
     </span>
    </p>
   </div>
   <div class='ocr_carea' id='block_1_31' title="bbox 880 2287 936 2320">
    <p class='ocr_par' dir='ltr' id='par_1_37' title="bbox 880 2287 936 2320">
     <span class='ocr_line' id='line_1_60' title="bbox 880 2287 936 2320; baseline -0.018 0"><span class='ocrx_word' id='word_1_170' title='bbox 880 2287 936 2320; x_wconf 83' lang='lat'>33.</span> 
     </span>
    </p>
   </div>
   <div class='ocr_carea' id='block_1_32' title="bbox 965 217 1499 403">
    <p class='ocr_par' dir='ltr' id='par_1_38' title="bbox 965 217 1499 403">
     <span class='ocr_line' id='line_1_61' title="bbox 966 217 1499 258; baseline -0.006 -7"><span class='ocrx_word' id='word_1_171' title='bbox 966 219 1173 251; x_wconf 82' lang='lat' dir='ltr'>Demonstrat</span> <span class='ocrx_word' id='word_1_172' title='bbox 1198 222 1310 250; x_wconf 84' lang='lat' dir='ltr'>sancta</span> <span class='ocrx_word' id='word_1_173' title='bbox 1327 217 1499 258; x_wconf 84' lang='lat' dir='ltr'>scriptura,</span> 
     </span>
     <span class='ocr_line' id='line_1_62' title="bbox 965 265 1499 306; baseline -0.004 -8"><span class='ocrx_word' id='word_1_174' title='bbox 965 267 1055 299; x_wconf 84' lang='lat' dir='ltr'>Istud</span> <span class='ocrx_word' id='word_1_175' title='bbox 1091 266 1208 299; x_wconf 87' lang='lat' dir='ltr'>factum</span> <span class='ocrx_word' id='word_1_176' title='bbox 1237 270 1370 306; x_wconf 88' lang='lat' dir='ltr'>propter</span> <span class='ocrx_word' id='word_1_177' title='bbox 1395 265 1499 305; x_wconf 80' lang='lat' dir='ltr'>plura,</span> 
     </span>
     <span class='ocr_line' id='line_1_63' title="bbox 967 315 1452 354; baseline -0.004 -7"><span class='ocrx_word' id='word_1_178' title='bbox 967 315 1107 352; x_wconf 83' lang='lat' dir='ltr'>Scilicet,</span> <span class='ocrx_word' id='word_1_179' title='bbox 1134 318 1169 346; x_wconf 88' lang='lat' dir='ltr'>ut</span> <span class='ocrx_word' id='word_1_180' title='bbox 1196 315 1278 346; x_wconf 89' lang='lat' dir='ltr'>huuc</span> <span class='ocrx_word' id='word_1_181' title='bbox 1304 315 1452 354; x_wconf 85' lang='lat' dir='ltr'>antiquus</span> 
     </span>
     <span class='ocr_line' id='line_1_64' title="bbox 967 363 1415 403; baseline -0.002 -8"><span class='ocrx_word' id='word_1_182' title='bbox 967 363 1037 395; x_wconf 91' lang='lat' dir='ltr'>Non</span> <span class='ocrx_word' id='word_1_183' title='bbox 1065 367 1234 403; x_wconf 84' lang='lat' dir='ltr'>cognoscat</span> <span class='ocrx_word' id='word_1_184' title='bbox 1258 363 1415 394; x_wconf 85' lang='lat' dir='ltr'>inimicus.</span> 
     </span>
    </p>
   </div>
   <div class='ocr_carea' id='block_1_33' title="bbox 964 449 1439 632">
    <p class='ocr_par' dir='ltr' id='par_1_39' title="bbox 964 449 1439 632">
     <span class='ocr_line' id='line_1_65' title="bbox 965 449 1439 489; baseline -0.004 -8"><span class='ocrx_word' id='word_1_185' title='bbox 965 450 1044 481; x_wconf 88' lang='lat' dir='ltr'>Nam</span> <span class='ocrx_word' id='word_1_186' title='bbox 1073 450 1100 480; x_wconf 89' lang='lat' dir='ltr'>si</span> <span class='ocrx_word' id='word_1_187' title='bbox 1126 458 1200 480; x_wconf 86' lang='lat' dir='ltr'>vere</span> <span class='ocrx_word' id='word_1_188' title='bbox 1227 449 1439 489; x_wconf 73' lang='lat' dir='ltr'>cognovisset,</span> 
     </span>
     <span class='ocr_line' id='line_1_66' title="bbox 964 496 1401 536; baseline -0.005 -7"><span class='ocrx_word' id='word_1_189' title='bbox 964 498 1065 529; x_wconf 86' lang='lat' dir='ltr'>Deum</span> <span class='ocrx_word' id='word_1_190' title='bbox 1093 507 1153 529; x_wconf 92' lang='lat' dir='ltr'>non</span> <span class='ocrx_word' id='word_1_191' title='bbox 1181 496 1401 536; x_wconf 86' lang='lat' dir='ltr'>crucifixisset,</span> 
     </span>
     <span class='ocr_line' id='line_1_67' title="bbox 968 545 1389 585; baseline -0.005 -8"><span class='ocrx_word' id='word_1_192' title='bbox 968 546 1076 577; x_wconf 77' lang='lat' dir='ltr'>Pretio</span> <span class='ocrx_word' id='word_1_193' title='bbox 1103 545 1263 585; x_wconf 85' lang='lat' dir='ltr'>sanguinis</span> <span class='ocrx_word' id='word_1_194' title='bbox 1290 545 1389 584; x_wconf 87' lang='lat' dir='ltr'>empti</span> 
     </span>
     <span class='ocr_line' id='line_1_68' title="bbox 967 592 1423 632; baseline -0.004 -7"><span class='ocrx_word' id='word_1_195' title='bbox 967 594 1035 625; x_wconf 85' lang='lat' dir='ltr'>Nec</span> <span class='ocrx_word' id='word_1_196' title='bbox 1060 592 1228 624; x_wconf 81' lang='lat' dir='ltr'>fuissemus</span> <span class='ocrx_word' id='word_1_197' title='bbox 1256 593 1423 632; x_wconf 87' lang='lat' dir='ltr'>redempti.</span> 
     </span>
    </p>
   </div>
   <div class='ocr_carea' id='block_1_34' title="bbox 966 679 1396 862">
    <p class='ocr_par' dir='ltr' id='par_1_40' title="bbox 966 679 1339 768">
     <span class='ocr_line' id='line_1_69' title="bbox 967 679 1339 710; baseline 0 0"><span class='ocrx_word' id='word_1_198' title='bbox 967 679 1064 710; x_wconf 89' lang='lat' dir='ltr'>Dedit</span> <span class='ocrx_word' id='word_1_199' title='bbox 1091 679 1137 710; x_wconf 92' lang='lat' dir='ltr'>illi</span> <span class='ocrx_word' id='word_1_200' title='bbox 1166 680 1250 710; x_wconf 85' lang='lat' dir='ltr'>Deus</span> <span class='ocrx_word' id='word_1_201' title='bbox 1277 679 1339 710; x_wconf 87' lang='lat' dir='ltr'>tale</span> 
     </span>
     <span class='ocr_line' id='line_1_70' title="bbox 966 727 1308 768; baseline 0 -10"><span class='ocrx_word' id='word_1_202' title='bbox 966 728 1124 758; x_wconf 85' lang='lat' dir='ltr'>Solacium</span> <span class='ocrx_word' id='word_1_203' title='bbox 1152 727 1308 768; x_wconf 83' lang='lat' dir='ltr'>maritale,</span> 
     </span>
    </p>

    <p class='ocr_par' dir='ltr' id='par_1_41' title="bbox 967 775 1396 862">
     <span class='ocr_line' id='line_1_71' title="bbox 967 775 1386 815; baseline 0 -9"><span class='ocrx_word' id='word_1_204' title='bbox 967 775 1015 806; x_wconf 87' lang='lat' dir='ltr'>Ne</span> <span class='ocrx_word' id='word_1_205' title='bbox 1042 779 1175 815; x_wconf 89' lang='lat' dir='ltr'>corupta</span> <span class='ocrx_word' id='word_1_206' title='bbox 1200 775 1386 806; x_wconf 86' lang='lat' dir='ltr'>crederetur</span> 
     </span>
     <span class='ocr_line' id='line_1_72' title="bbox 968 823 1396 862; baseline 0 -8"><span class='ocrx_word' id='word_1_207' title='bbox 968 823 1010 854; x_wconf 89' lang='lat' dir='ltr'>Et</span> <span class='ocrx_word' id='word_1_208' title='bbox 1037 823 1076 854; x_wconf 93' lang='lat' dir='ltr'>ob</span> <span class='ocrx_word' id='word_1_209' title='bbox 1103 824 1162 854; x_wconf 89' lang='lat' dir='ltr'>hoc</span> <span class='ocrx_word' id='word_1_210' title='bbox 1187 823 1396 862; x_wconf 85' lang='lat' dir='ltr'>lapidaretur.</span> 
     </span>
    </p>
   </div>
   <div class='ocr_carea' id='block_1_35' title="bbox 966 909 1466 1086">
    <p class='ocr_par' dir='ltr' id='par_1_42' title="bbox 966 909 1466 1086">
     <span class='ocr_line' id='line_1_73' title="bbox 966 909 1457 949; baseline 0.002 -9"><span class='ocrx_word' id='word_1_211' title='bbox 966 909 1120 949; x_wconf 88' lang='lat' dir='ltr'>Princeps</span> <span class='ocrx_word' id='word_1_212' title='bbox 1148 909 1315 949; x_wconf 72' lang='lat' dir='ltr'>virginum,</span> <span class='ocrx_word' id='word_1_213' title='bbox 1342 909 1457 946; x_wconf 76' lang='lat' dir='ltr'>Maria,</span> 
     </span>
     <span class='ocr_line' id='line_1_74' title="bbox 968 957 1400 994; baseline 0 -6"><span class='ocrx_word' id='word_1_214' title='bbox 968 957 1029 988; x_wconf 91' lang='lat' dir='ltr'>Per</span> <span class='ocrx_word' id='word_1_215' title='bbox 1052 962 1083 988; x_wconf 91' lang='lat' dir='ltr'>te</span> <span class='ocrx_word' id='word_1_216' title='bbox 1109 957 1237 988; x_wconf 85' lang='lat' dir='ltr'>reddita</span> <span class='ocrx_word' id='word_1_217' title='bbox 1264 963 1311 987; x_wconf 85' lang='lat' dir='ltr'>est</span> <span class='ocrx_word' id='word_1_218' title='bbox 1339 958 1400 994; x_wconf 84' lang='lat' dir='ltr'>via,</span> 
     </span>
     <span class='ocr_line' id='line_1_75' title="bbox 967 1005 1466 1043; baseline 0 -7"><span class='ocrx_word' id='word_1_219' title='bbox 967 1006 1066 1043; x_wconf 81' lang='lat' dir='ltr'>Quam</span> <span class='ocrx_word' id='word_1_220' title='bbox 1094 1005 1250 1036; x_wconf 71' lang='lat' dir='ltr'>clauserat</span> <span class='ocrx_word' id='word_1_221' title='bbox 1278 1005 1369 1036; x_wconf 89' lang='lat' dir='ltr'>nobis</span> <span class='ocrx_word' id='word_1_222' title='bbox 1396 1005 1466 1036; x_wconf 86' lang='lat' dir='ltr'>Eva</span> 
     </span>
     <span class='ocr_line' id='line_1_76' title="bbox 966 1054 1330 1086; baseline 0.005 -3"><span class='ocrx_word' id='word_1_223' title='bbox 966 1054 1027 1084; x_wconf 89' lang='lat' dir='ltr'>Pro</span> <span class='ocrx_word' id='word_1_224' title='bbox 1054 1054 1200 1084; x_wconf 89' lang='lat' dir='ltr'>suasione</span> <span class='ocrx_word' id='word_1_225' title='bbox 1226 1062 1330 1086; x_wconf 88' lang='lat' dir='ltr'>saeva.</span> 
     </span>
    </p>
   </div>
   <div class='ocr_carea' id='block_1_36' title="bbox 966 1138 1484 1321">
    <p class='ocr_par' dir='ltr' id='par_1_43' title="bbox 966 1138 1484 1321">
     <span class='ocr_line' id='line_1_77' title="bbox 968 1138 1423 1178; baseline -0.002 -9"><span class='ocrx_word' id='word_1_226' title='bbox 968 1138 1094 1175; x_wconf 81' lang='lat' dir='ltr'>Forma,</span> <span class='ocrx_word' id='word_1_227' title='bbox 1124 1138 1219 1169; x_wconf 88' lang='lat' dir='ltr'>decus</span> <span class='ocrx_word' id='word_1_228' title='bbox 1246 1139 1423 1178; x_wconf 85' lang='lat' dir='ltr'>puellarum</span> 
     </span>
     <span class='ocr_line' id='line_1_78' title="bbox 966 1185 1400 1227; baseline 0 -10"><span class='ocrx_word' id='word_1_229' title='bbox 966 1187 1007 1218; x_wconf 85' lang='lat' dir='ltr'>Et</span> <span class='ocrx_word' id='word_1_230' title='bbox 1034 1186 1175 1217; x_wconf 88' lang='lat' dir='ltr'>sanctior</span> <span class='ocrx_word' id='word_1_231' title='bbox 1202 1185 1400 1227; x_wconf 83' lang='lat' dir='ltr'>feminarum,</span> 
     </span>
     <span class='ocr_line' id='line_1_79' title="bbox 966 1234 1400 1274; baseline -0.002 -8"><span class='ocrx_word' id='word_1_232' title='bbox 966 1235 1095 1274; x_wconf 86' lang='lat' dir='ltr'>Regem,</span> <span class='ocrx_word' id='word_1_233' title='bbox 1123 1234 1263 1265; x_wconf 90' lang='lat' dir='ltr'>iustitiae</span> <span class='ocrx_word' id='word_1_234' title='bbox 1291 1235 1400 1272; x_wconf 82' lang='lat' dir='ltr'>solem,</span> 
     </span>
     <span class='ocr_line' id='line_1_80' title="bbox 966 1282 1484 1321; baseline 0.002 -8"><span class='ocrx_word' id='word_1_235' title='bbox 966 1282 1117 1314; x_wconf 86' lang='lat' dir='ltr'>Gaudens</span> <span class='ocrx_word' id='word_1_236' title='bbox 1144 1291 1213 1313; x_wconf 87' lang='lat' dir='ltr'>esse</span> <span class='ocrx_word' id='word_1_237' title='bbox 1239 1288 1324 1313; x_wconf 88' lang='lat' dir='ltr'>tuam</span> <span class='ocrx_word' id='word_1_238' title='bbox 1352 1283 1484 1321; x_wconf 89' lang='lat' dir='ltr'>prolem.</span> 
     </span>
    </p>
   </div>
   <div class='ocr_carea' id='block_1_37' title="bbox 964 1370 1425 1546">
    <p class='ocr_par' dir='ltr' id='par_1_44' title="bbox 964 1370 1425 1546">
     <span class='ocr_line' id='line_1_81' title="bbox 965 1370 1388 1409; baseline -0.002 -8"><span class='ocrx_word' id='word_1_239' title='bbox 965 1370 1007 1402; x_wconf 87' lang='lat' dir='ltr'>Ut</span> <span class='ocrx_word' id='word_1_240' title='bbox 1036 1374 1164 1400; x_wconf 84' lang='lat' dir='ltr'>sanctus</span> <span class='ocrx_word' id='word_1_241' title='bbox 1191 1370 1388 1409; x_wconf 83' lang='lat' dir='ltr'>evangelista</span> 
     </span>
     <span class='ocr_line' id='line_1_82' title="bbox 967 1418 1327 1454; baseline 0 -5"><span class='ocrx_word' id='word_1_242' title='bbox 967 1418 1126 1450; x_wconf 88' lang='lat' dir='ltr'>Fideliter</span> <span class='ocrx_word' id='word_1_243' title='bbox 1152 1418 1231 1449; x_wconf 90' lang='lat' dir='ltr'>dicit</span> <span class='ocrx_word' id='word_1_244' title='bbox 1255 1418 1327 1454; x_wconf 79' lang='lat' dir='ltr'>ista,</span> 
     </span>
     <span class='ocr_line' id='line_1_83' title="bbox 964 1466 1425 1497; baseline -0.002 0"><span class='ocrx_word' id='word_1_245' title='bbox 964 1466 1063 1497; x_wconf 89' lang='lat' dir='ltr'>Deum</span> <span class='ocrx_word' id='word_1_246' title='bbox 1092 1474 1200 1497; x_wconf 88' lang='lat' dir='ltr'>verum</span> <span class='ocrx_word' id='word_1_247' title='bbox 1227 1466 1425 1497; x_wconf 83' lang='lat' dir='ltr'>incarnatum</span> 
     </span>
     <span class='ocr_line' id='line_1_84' title="bbox 965 1514 1416 1546; baseline -0.004 0"><span class='ocrx_word' id='word_1_248' title='bbox 965 1514 1159 1546; x_wconf 84' lang='lat' dir='ltr'>Contitemur</span> <span class='ocrx_word' id='word_1_249' title='bbox 1184 1521 1271 1546; x_wconf 86' lang='lat' dir='ltr'>tuum</span> <span class='ocrx_word' id='word_1_250' title='bbox 1299 1518 1416 1544; x_wconf 86' lang='lat' dir='ltr'>natum.</span> 
     </span>
    </p>
   </div>
   <div class='ocr_carea' id='block_1_38' title="bbox 966 1601 1500 1785">
    <p class='ocr_par' dir='ltr' id='par_1_45' title="bbox 966 1601 1500 1785">
     <span class='ocr_line' id='line_1_85' title="bbox 966 1601 1500 1642; baseline -0.002 -9"><span class='ocrx_word' id='word_1_251' title='bbox 966 1601 1089 1642; x_wconf 86' lang='lat' dir='ltr'>Verba,</span> <span class='ocrx_word' id='word_1_252' title='bbox 1117 1610 1197 1640; x_wconf 84' lang='lat' dir='ltr'>quae</span> <span class='ocrx_word' id='word_1_253' title='bbox 1225 1601 1304 1632; x_wconf 80' lang='lat' dir='ltr'>dixit</span> <span class='ocrx_word' id='word_1_254' title='bbox 1333 1601 1500 1640; x_wconf 87' lang='lat' dir='ltr'>propheta,</span> 
     </span>
     <span class='ocr_line' id='line_1_86' title="bbox 966 1649 1404 1689; baseline -0.005 -8"><span class='ocrx_word' id='word_1_255' title='bbox 966 1649 1192 1689; x_wconf 85' lang='lat' dir='ltr'>Cogiioscimus</span> <span class='ocrx_word' id='word_1_256' title='bbox 1217 1649 1404 1688; x_wconf 78' lang='lat' dir='ltr'>adimpleta,</span> 
     </span>
     <span class='ocr_line' id='line_1_87' title="bbox 966 1697 1396 1737; baseline -0.005 -8"><span class='ocrx_word' id='word_1_257' title='bbox 966 1698 1027 1729; x_wconf 87' lang='lat' dir='ltr'>Dat</span> <span class='ocrx_word' id='word_1_258' title='bbox 1056 1699 1141 1730; x_wconf 90' lang='lat' dir='ltr'>Deus</span> <span class='ocrx_word' id='word_1_259' title='bbox 1169 1697 1396 1737; x_wconf 86' lang='lat' dir='ltr'>benignitatem</span> 
     </span>
     <span class='ocr_line' id='line_1_88' title="bbox 967 1746 1422 1785; baseline -0.004 -7"><span class='ocrx_word' id='word_1_260' title='bbox 967 1746 1104 1785; x_wconf 86' lang='lat' dir='ltr'>Propter</span> <span class='ocrx_word' id='word_1_261' title='bbox 1130 1755 1218 1777; x_wconf 83' lang='lat' dir='ltr'>suam</span> <span class='ocrx_word' id='word_1_262' title='bbox 1245 1746 1422 1776; x_wconf 83' lang='lat' dir='ltr'>caritatem.</span> 
     </span>
    </p>
   </div>
   <div class='ocr_carea' id='block_1_39' title="bbox 963 1831 1480 2010">
    <p class='ocr_par' dir='ltr' id='par_1_46' title="bbox 963 1831 1480 2010">
     <span class='ocr_line' id='line_1_89' title="bbox 963 1831 1480 1864; baseline 0.002 -1"><span class='ocrx_word' id='word_1_263' title='bbox 963 1832 1065 1864; x_wconf 86' lang='lat' dir='ltr'>Terra</span> <span class='ocrx_word' id='word_1_264' title='bbox 1091 1837 1200 1863; x_wconf 88' lang='lat' dir='ltr'>nostra</span> <span class='ocrx_word' id='word_1_265' title='bbox 1227 1832 1317 1863; x_wconf 88' lang='lat' dir='ltr'>dedit</span> <span class='ocrx_word' id='word_1_266' title='bbox 1343 1831 1480 1864; x_wconf 89' lang='lat' dir='ltr'>fructum</span> 
     </span>
     <span class='ocr_line' id='line_1_90' title="bbox 966 1881 1443 1917; baseline 0 -6"><span class='ocrx_word' id='word_1_267' title='bbox 966 1881 1011 1912; x_wconf 93' lang='lat' dir='ltr'>De</span> <span class='ocrx_word' id='word_1_268' title='bbox 1039 1881 1232 1912; x_wconf 83' lang='lat' dir='ltr'>caelestibus</span> <span class='ocrx_word' id='word_1_269' title='bbox 1258 1881 1443 1917; x_wconf 88' lang='lat' dir='ltr'>adductum,</span> 
     </span>
     <span class='ocr_line' id='line_1_91' title="bbox 963 1927 1351 1968; baseline -0.003 -8"><span class='ocrx_word' id='word_1_270' title='bbox 963 1930 1030 1968; x_wconf 77' lang='lat' dir='ltr'>Quo</span> <span class='ocrx_word' id='word_1_271' title='bbox 1057 1929 1153 1960; x_wconf 88' lang='lat' dir='ltr'>cibati</span> <span class='ocrx_word' id='word_1_272' title='bbox 1181 1932 1211 1959; x_wconf 92' lang='lat' dir='ltr'>et</span> <span class='ocrx_word' id='word_1_273' title='bbox 1238 1927 1351 1960; x_wconf 87' lang='lat' dir='ltr'>refecti</span> 
     </span>
     <span class='ocr_line' id='line_1_92' title="bbox 964 1977 1342 2010; baseline 0 -1"><span class='ocrx_word' id='word_1_274' title='bbox 964 1977 1111 2010; x_wconf 82' lang='lat' dir='ltr'>Universi</span> <span class='ocrx_word' id='word_1_275' title='bbox 1140 1980 1213 2008; x_wconf 88' lang='lat' dir='ltr'>sunt</span> <span class='ocrx_word' id='word_1_276' title='bbox 1239 1977 1342 2009; x_wconf 90' lang='lat' dir='ltr'>electi.</span> 
     </span>
    </p>
   </div>
   <div class='ocr_carea' id='block_1_40' title="bbox 963 2060 1501 2239">
    <p class='ocr_par' dir='ltr' id='par_1_47' title="bbox 963 2060 1501 2196">
     <span class='ocr_line' id='line_1_93' title="bbox 966 2060 1501 2100; baseline 0 -9"><span class='ocrx_word' id='word_1_277' title='bbox 966 2060 1069 2099; x_wconf 59' lang='lat' dir='ltr'>Hanc,</span> <span class='ocrx_word' id='word_1_278' title='bbox 1089 2065 1120 2090; x_wconf 92' lang='lat' dir='ltr'>ut</span> <span class='ocrx_word' id='word_1_279' title='bbox 1142 2060 1307 2099; x_wconf 83' lang='lat' dir='ltr'>psalmista</span> <span class='ocrx_word' id='word_1_280' title='bbox 1326 2061 1501 2100; x_wconf 84' lang='lat' dir='ltr'>praedixit,</span> 
     </span>
     <span class='ocr_line' id='line_1_94' title="bbox 963 2108 1411 2147; baseline 0.002 -8"><span class='ocrx_word' id='word_1_281' title='bbox 963 2108 1095 2139; x_wconf 86' lang='lat' dir='ltr'>Terram</span> <span class='ocrx_word' id='word_1_282' title='bbox 1126 2108 1209 2139; x_wconf 71' lang='lat' dir='ltr'>Deus</span> <span class='ocrx_word' id='word_1_283' title='bbox 1237 2108 1411 2147; x_wconf 82' lang='lat' dir='ltr'>benedixit,</span> 
     </span>
     <span class='ocr_line' id='line_1_95' title="bbox 963 2157 1369 2196; baseline 0 -8"><span class='ocrx_word' id='word_1_284' title='bbox 963 2158 1122 2188; x_wconf 85' lang='lat' dir='ltr'>Avertens</span> <span class='ocrx_word' id='word_1_285' title='bbox 1151 2157 1369 2196; x_wconf 83' lang='lat' dir='ltr'>captivitatem</span> 
     </span>
    </p>

    <p class='ocr_par' dir='ltr' id='par_1_48' title="bbox 965 2205 1448 2239">
     <span class='ocr_line' id='line_1_96' title="bbox 965 2205 1448 2239; baseline 0.006 -4"><span class='ocrx_word' id='word_1_286' title='bbox 965 2205 1005 2236; x_wconf 83' lang='lat' dir='ltr'>Et</span> <span class='ocrx_word' id='word_1_287' title='bbox 1034 2206 1112 2236; x_wconf 88' lang='lat' dir='ltr'>dans</span> <span class='ocrx_word' id='word_1_288' title='bbox 1140 2205 1230 2236; x_wconf 88' lang='lat' dir='ltr'>nobis</span> <span class='ocrx_word' id='word_1_289' title='bbox 1256 2205 1448 2239; x_wconf 83' lang='lat' dir='ltr'>libertatem.</span> 
     </span>
    </p>
   </div>
   <div class='ocr_carea' id='block_1_41' title="bbox 964 2285 1462 2473">
    <p class='ocr_par' dir='ltr' id='par_1_49' title="bbox 964 2285 1462 2473">
     <span class='ocr_line' id='line_1_97' title="bbox 966 2285 1424 2327; baseline 0.002 -9"><span class='ocrx_word' id='word_1_290' title='bbox 966 2285 1171 2326; x_wconf 83' lang='lat' dir='ltr'>Praefulgida</span> <span class='ocrx_word' id='word_1_291' title='bbox 1197 2287 1294 2318; x_wconf 88' lang='lat' dir='ltr'>maris</span> <span class='ocrx_word' id='word_1_292' title='bbox 1320 2287 1424 2327; x_wconf 84' lang='lat' dir='ltr'>stella,</span> 
     </span>
     <span class='ocr_line' id='line_1_98' title="bbox 965 2334 1462 2376; baseline 0.002 -10"><span class='ocrx_word' id='word_1_293' title='bbox 965 2336 1067 2367; x_wconf 88' lang='lat' dir='ltr'>lesum</span> <span class='ocrx_word' id='word_1_294' title='bbox 1096 2334 1256 2366; x_wconf 87' lang='lat' dir='ltr'>Christum</span> <span class='ocrx_word' id='word_1_295' title='bbox 1281 2336 1462 2376; x_wconf 82' lang='lat' dir='ltr'>interpella,</span> 
     </span>
     <span class='ocr_line' id='line_1_99' title="bbox 964 2383 1378 2424; baseline 0 -8"><span class='ocrx_word' id='word_1_296' title='bbox 964 2383 1007 2416; x_wconf 91' lang='lat' dir='ltr'>Ut</span> <span class='ocrx_word' id='word_1_297' title='bbox 1033 2386 1087 2414; x_wconf 85' lang='lat' dir='ltr'>tua</span> <span class='ocrx_word' id='word_1_298' title='bbox 1111 2391 1206 2422; x_wconf 89' lang='lat' dir='ltr'>prece</span> <span class='ocrx_word' id='word_1_299' title='bbox 1232 2384 1378 2424; x_wconf 89' lang='lat' dir='ltr'>placatus</span> 
     </span>
     <span class='ocr_line' id='line_1_100' title="bbox 965 2431 1428 2473; baseline 0.002 -9"><span class='ocrx_word' id='word_1_300' title='bbox 965 2431 1100 2464; x_wconf 86' lang='lat' dir='ltr'>Nostros</span> <span class='ocrx_word' id='word_1_301' title='bbox 1127 2437 1283 2473; x_wconf 85' lang='lat' dir='ltr'>expurget</span> <span class='ocrx_word' id='word_1_302' title='bbox 1309 2438 1428 2466; x_wconf 83' lang='lat' dir='ltr'>reatus.</span> 
     </span>
    </p>
   </div>
  </div>
 </body>
</html>
