1651 2680
147 673 201 705 10.

149 1143 202 1176 11.

147 1611 200 1642 12.

145 2079 202 2111 13.

662 126 705 131 —
758 105 922 142 109—

193 227 200 233 .
228 200 340 234 Crucis
365 201 553 234 beneficium

273 248 370 281 debet
394 250 467 290 plus
491 250 603 289 amari,

226 297 338 329 Recoli
364 295 563 338 frequentius

277 349 309 376 et
333 345 521 383 desiderari,

226 393 295 425 Nec
321 393 477 425 deberent
501 394 644 425 homines

273 450 411 481 unquam
437 442 548 473 satiari

229 488 390 521 Crucifixo
415 488 552 521 Domino

274 541 360 569 recte
386 536 545 569 famulari.

230 671 341 703 Crucis
368 670 522 702 beneficio

275 728 382 750 sumus
407 719 546 758 liberati,

227 767 287 807 Qui
313 776 437 799 eramus
461 767 581 806 perditi

274 819 369 855 atque
395 815 556 853 maculati,

228 863 326 896 Modo
351 873 458 894 sumus
485 872 576 894 roseo

278 911 430 951 sanguine
456 911 610 950 mundati,

228 959 318 991 Patri
347 959 592 990 clementissimo

274 1007 481 1039 reconciliati.

230 1141 341 1183 Doleo,
368 1142 452 1181 quod
480 1141 623 1173 homines

275 1190 383 1230 plures
408 1189 468 1220 hoc
493 1190 652 1229 ignorant,

228 1239 287 1277 Qui
313 1246 371 1269 nec
397 1246 523 1268 crucem
551 1238 687 1277 diligunt

274 1295 332 1317 nec
359 1294 484 1317 crucem
511 1286 667 1318 honorant

229 1334 296 1365 Nec
321 1334 352 1365 in
379 1343 472 1365 cruce
498 1334 625 1365 Domini

274 1382 403 1414 student
428 1391 487 1413 nec
512 1382 670 1421 laborant,

227 1431 303 1462 Ideo
329 1434 400 1470 post
427 1430 547 1462 obitum

272 1478 304 1509 in
330 1477 456 1509 inferno
482 1478 621 1518 plorant.

228 1609 337 1641 Crucis
365 1609 525 1640 desiderio

273 1657 372 1689 corda
397 1658 461 1688 sint
486 1658 597 1698 ignita.

225 1706 261 1737 In
288 1715 349 1746 qua
374 1709 485 1737 nostra
509 1706 608 1737 iacuit

274 1758 305 1785 et
330 1754 485 1795 pependit
510 1754 587 1791 vita,

225 1803 324 1844 Iesus,
352 1811 442 1834 amor
467 1803 616 1842 omnium,

273 1851 358 1882 salus
383 1850 519 1890 infinita,

225 1899 288 1931 Per
312 1908 403 1939 quem
430 1903 502 1930 sunt
529 1903 560 1930 et
587 1899 715 1931 saecula

277 1951 390 1980 cuneta
416 1947 569 1980 stabilita.

230 2077 430 2110 Christianus
457 2077 591 2118 quilibet

273 2126 312 2158 sit
339 2127 371 2158 in
398 2135 493 2158 cruce
518 2129 615 2165 totus,

225 2175 302 2208 Cum
330 2175 371 2206 sit
397 2174 442 2206 ibi
466 2174 620 2214 sanguine
669 2170 679 2179 ⁶

273 2223 416 2264 pretioso
441 2223 538 2260 lotus,

225 2271 319 2304 Cruci
345 2280 474 2312 semper
499 2271 607 2313 cupiat

270 2320 378 2352 vivere
405 2320 550 2362 devotus,

223 2368 260 2401 In
287 2368 419 2401 caelesti
445 2368 535 2400 curia

271 2418 298 2449 si
324 2417 393 2449 vult
418 2425 489 2448 esse
513 2418 619 2448 notus,

835 203 892 237 14.

835 672 891 705 15.

838 1143 892 1174 16.

835 1610 890 1642 17.

834 2078 890 2112 18.

919 203 1029 236 Omnis
1055 203 1147 234 homo
1173 202 1299 234 studeat

968 259 1092 283 crucem
1120 252 1260 282 revereri

919 298 1073 333 crucifixi
1099 299 1227 337 nobilis,⁴

967 348 1119 378 amatoris
1146 347 1224 383 veri,

918 395 951 427 Si
979 394 1046 426 vult
1070 394 1103 425 in
1130 394 1320 426 caelestibus

968 442 1124 473 maximus
1149 442 1260 473 haberi

919 490 960 522 Et
988 490 1113 521 beatam
1141 490 1253 521 faciem

967 538 1033 569 eius
1059 538 1186 569 intueri.

919 671 1061 703 Vulnera
1087 671 1259 703 remedium

969 724 1039 750 sunt
1066 720 1167 750 nostri
1195 719 1367 759 languoris,

919 767 1009 799 Haec
1036 768 1261 806 pretiosissimi

968 825 1045 846 vasa.
1071 819 1142 846 sunt
1169 816 1313 855 liquoris

919 863 1088 895 Terminus
1113 864 1227 900 exsilii,

968 912 1093 951 requies
1120 912 1250 952 laboris,

901 959 969 991 'Ibi
996 969 1093 999 sapor
1118 960 1254 990 hominis

967 1012 1015 1038 est
1040 1008 1214 1040 interioris.

918 1142 1023 1176 Felix,
1050 1142 1103 1182 qui
1129 1142 1312 1173 vulneribus

965 1190 1034 1221 istis
1061 1190 1260 1232 vulneratur,

920 1239 1065 1270 Pretioso
1090 1238 1243 1278 sanguine

968 1286 1097 1317 Domini
1124 1289 1263 1327 potatury

921 1335 1078 1376 Pascitur,
1107 1333 1249 1366 afficitur

968 1386 997 1413 et
1024 1382 1211 1417 inebriatur.

921 1430 1049 1462 Gaudet
1076 1431 1266 1462 mirabiliter

966 1483 1060 1518 atque
1086 1479 1288 1512 iucundatur.

918 1609 943 1641 Ο
970 1618 1066 1640 suave
1093 1609 1266 1647 vasculum,

965 1657 1114 1689 redolens
1140 1661 1345 1697 unguentum,

919 1705 1064 1746 Sanguis,
1091 1707 1143 1745 qui
1169 1706 1389 1746 languentium

966 1763 998 1785 es
1025 1754 1303 1794 medicamentum,

916 1802 967 1834 Da
991 1803 1143 1834 virtutum
1170 1803 1309 1834 omnium

965 1850 1056 1882 nobis
1082 1851 1322 1884 incrementum.

918 1898 1071 1931 Cordium
1099 1899 1251 1930 solacium

967 1950 997 1978 et
1025 1947 1302 1980 delectamentum.

917 2078 942 2110 Ο
969 2078 1202 2118 pretiosissime

964 2127 1092 2166 sanguis
1119 2127 1278 2168 salutaris,

917 2173 1064 2215 Sanguis,
1091 2175 1142 2214 qui
1172 2175 1344 2207 virtutibus

966 2223 1088 2254 cunctis
1114 2223 1299 2266 dominaris,

915 2270 983 2302 Nos
1008 2281 1026 2302 a
1052 2272 1174 2302 cunctis
1199 2272 1343 2304 hostibus

966 2327 1093 2359 semper
1118 2320 1249 2359 tuearis,

918 2367 1115 2407 Angelorum
1142 2369 1284 2400 coetibus

965 2415 1059 2456 iunge
1085 2425 1142 2448 nos
1167 2417 1356 2457 praeclaris.
