1651 2680
663 105 826 142 -307
877 126 924 131 —

169 205 199 238 ⁷.
225 204 361 237 Praeses
387 203 490 235 laetus
515 202 632 242 incipit

275 251 394 292 populo
419 260 564 292 narrare,

225 300 316 340 Quod
342 299 488 331 Pelinum
515 299 653 331 duxerat

273 347 335 379 huc
360 346 545 379 sacrificare

225 395 268 427 Et
292 396 395 435 ipsum
423 396 592 436 suppliciis

275 443 364 475 duris
391 451 567 484 macerare,

225 491 296 524 Nisi
324 491 388 523 cito
414 494 541 531 satagat

273 540 421 572 daemoni
448 547 594 572 curvare.

165 609 198 641 8.
225 607 316 646 Quod
344 607 476 638 Pelinus
502 607 635 639 audiens

273 654 353 686 dixit
381 655 423 686 ad
449 653 637 695 profanum:

228 703 343 745 πΕοοθ,
371 711 494 734 mecum
520 703 655 743 pergite,

270 751 386 782 ibimus
412 752 454 783 ad
481 749 623 783 fanum.“

225 799 315 838 Quod
341 803 374 830 ut
401 808 511 830 omnes
536 799 683 841 audiunt,

271 852 447 887 properant
476 847 507 878 in
535 857 662 886 vanum,

223 895 459 934 Prosequentes
484 896 634 926 omittunt

271 944 455 984 praesidem
479 943 637 975 insanum.

162 1013 193 1045 9.
222 1010 285 1043 Ubi
312 1014 442 1043 sanctus
470 1010 606 1042 Domino

270 1068 372 1098 genua
399 1059 555 1096 curvavit,

222 1106 337 1138 Totum
365 1107 520 1147 templum
549 1107 682 1149 corruit,

268 1155 357 1186 idola
384 1155 562 1186 constravit

220 1202 263 1234 Et
291 1202 558 1241 Corniculafium,

268 1252 322 1291 qui
348 1251 408 1282 hoc
433 1251 608 1290 ordinavit,

220 1299 256 1330 In
283 1300 408 1331 ruinam
435 1298 596 1332 suffocans

268 1352 369 1379 totum
396 1346 632 1387 conquassavit.

837 205 893 238 10.
921 206 1093 246 Postquam
1122 205 1222 237 cernit
1249 204 1387 245 populus

966 253 1148 292 praesidem
1175 253 1339 293 migrasse,

919 302 1067 334 Animam
1096 301 1303 333 daemonibus

966 349 1029 381 cito
1055 349 1305 390 commendasse,

919 397 1062 429 Pelinum
1089 398 1265 429 antistitem

967 445 1078 477 dicunt
1103 446 1285 478 incant-asse

917 494 960 525 Et
985 494 1051 525 suis
1077 494 1262 533 praestigiis

966 541 1046 573 talia
1070 545 1228 580 patrasse.

834 607 887 640 11.
917 608 1082 648 Nesciunt,
1109 609 1194 648 quod
1223 608 1411 640 daemonum

966 654 1052 688 furia
1076 657 1213 696 peremit

917 704 1114 742 praesidem,
1141 712 1222 744 quae
1249 705 1405 736 neminem

963 761 982 783 a
1008 762 1111 792 poena,
1138 753 1291 793 redemit;

916 800 1105 832 Adcurrunt
1130 800 1309 841 pontifices,

966 850 1103 888 populus
1131 849 1310 889 contremit,

918 897 959 928 Et
986 897 1028 928 ad
1055 906 1161 928 casum
1190 897 1346 937 principis

965 949 1031 976 tota
1059 945 1151 985 plebs
1178 944 1332 976 infremit.

834 1012 888 1043 12.
918 1012 1060 1043 Pessima
1086 1012 1273 1050 pontificum

964 1059 1060 1090 turba
1086 1061 1309 1099 conclamavit„

918 1107 1023 1146 Plagis
1051 1112 1082 1138 et
1108 1108 1296 1139 verberibus

963 1159 1108 1187 sanctum
1135 1156 1301 1194 cruciavit,

916 1205 1027 1236 Donec
1053 1208 1177 1243 martyr
1201 1204 1339 1235 animam

963 1250 1032 1282 Deo
1059 1252 1291 1283 commendavit

914 1300 957 1330 Et
984 1300 1143 1332 caelorum
1171 1300 1272 1332 ardua

963 1351 1050 1379 terra
1077 1349 1293 1381 commutavit.

472 1416 527 1448 13.
552 1414 660 1447 Multa
685 1414 883 1446 sustinuerat

598 1462 745 1501 pontifex
770 1462 938 1503 martyria,

552 1512 676 1544 Poenas
700 1510 924 1551 importabiles

601 1562 633 1589 et
658 1559 753 1599 longa
776 1559 925 1600 suspiria,

550 1609 732 1647 Antequam
759 1607 941 1640 exsolveret

601 1659 744 1687 extrema
769 1655 939 1696 supplicia.

552 1703 678 1743 Corpus
704 1703 793 1735 cuius
818 1704 965 1744 possidet

600 1761 685 1783 nunc
710 1755 820 1784 nostra
847 1751 998 1784 confinia.

470 1817 524 1850 R0
551 1819 622 1858 Eia,
650 1818 778 1857 fratres,
806 1819 912 1852 canite
939 1822 1000 1852 etc.

163 1995 191 2026 1.
219 1993 305 2026 Miro
332 1993 426 2024 modo
452 1992 599 2033 plaudite

220 2042 316 2081 Voce
344 2041 451 2082 corde,
480 2041 637 2084 manibus,

221 2089 336 2122 Sedem
363 2089 454 2121 vobis
481 2088 579 2121 facite

222 2139 258 2170 lu
284 2139 439 2169 virtutum
465 2138 630 2179 gradibus.

157 2210 187 2240 2.
220 2205 447 2239 praeferentes
475 2206 627 2246 spiritum

219 2254 278 2286 His
302 2254 416 2286 lutosis
443 2253 609 2294 carnibus,

222 2303 353 2335 Luteam
381 2302 549 2335 materiem

217 2351 418 2384 Exornemus
446 2351 599 2384 moribus.

743 1920 833 1955 VIII.

854 1994 886 2028 3.
916 1993 1010 2025 Vocis
1036 1993 1213 2025 modulatio

915 2042 959 2074 Et
985 2050 1040 2073 cor
1065 2051 1180 2082 purum
1207 2043 1356 2075 sordibus

914 2091 1028 2129 lungat
1055 2099 1088 2122 se
1116 2090 1266 2122 celeriter

914 2138 1069 2172 Caritatis
1095 2138 1238 2176 sedibus

858 2207 890 2240 4.
917 2206 962 2238 Et
989 2205 1091 2237 Pelini
1118 2206 1269 2245 precibus

921 2253 1023 2286 Nobis
1049 2253 1297 2294 suffragantibus

918 2303 1090 2342 Iungamur
1114 2303 1303 2343 perenniter

918 2351 1115 2391 Angelorum
1143 2351 1297 2387 coetibus,

463 2417 517 2452 ΒΟ
543 2419 616 2461 Eia,
643 2417 773 2461 fratres,
799 2419 905 2452 canite
931 2423 992 2452 etc.

1217 2475 1254 2504 20
1266 2476 1280 2490 ¹*
