1651 2680
619 100 853 136 ..65—

119 221 128 231 .
154 195 200 230 Ut
226 196 378 237 disponat
401 195 518 235 omnia,

198 244 296 277 Venit
319 243 353 275 in
380 243 465 276 hunc
491 245 644 278 mundum

154 291 216 325 Dei
242 291 404 333 sapientia

204 339 328 372 Sanaos
354 338 590 380 moribundum,

153 387 282 421 Docens
308 396 366 419 nos
393 387 584 428 compendia

202 435 266 468 Per
290 443 372 475 quae
396 435 438 466 sit
463 434 613 476 eundum,

152 482 203 516 Ne
229 487 340 515 nostra
365 482 500 522 vestigia

202 531 346 571 Vergant
371 531 402 562 in
429 529 635 570 profundum.

124 690 132 698 .
160 664 406 704 Paranymphus
432 665 571 696 mittitur

202 713 232 744 A
259 712 392 744 secretis
419 712 510 753 caeli,

157 761 311 794 Sanctum
337 763 396 799 est,
423 761 510 800 quod
536 762 680 801 geritur·‚

203 809 290 848 Ergo
317 807 462 840 Gabrieli

155 856 345 890 Mandatum
371 856 558 897 imponitur,

202 904 323 936 Nuntio
349 903 450 947 fideli,

156 953 220 985 Sed
246 961 336 992 puer,
364 953 417 992 qui
443 953 597 992 nascitur,

202 1000 307 1032 Homo
334 1004 382 1031 est
409 1005 440 1031 et
466 1000 551 1032 Heli.

98 1137 129 1168 '.
156 1133 259 1166 Misso
287 1134 367 1166 caeli
393 1134 504 1165 nuntio

202 1181 301 1222 Virgo
328 1180 531 1222 fecundatur,

153 1231 222 1263 Ista
248 1230 398 1262 salutatio

203 1278 335 1310 Partum
363 1281 526 1319 operatur,

154 1326 324 1359 Semiualis
349 1326 431 1358 ratio

200 1374 318 1406 Procul
343 1374 418 1405 hinc
442 1373 588 1416 tollatur,

153 1421 204 1454 Ne
231 1422 291 1454 viri
318 1422 465 1462 contagio

203 1471 382 1511 Quidquam
408 1469 599 1505 ascribatur.

119 1625 126 1633 .
152 1599 294 1632 Verbum
317 1602 349 1632 iu
377 1599 537 1640 principio

204 1649 322 1681 Pannis
348 1649 526 1680 involutum

157 1696 272 1736 Stupet
296 1697 329 1728 in
355 1696 547 1736 praesaepio

201 1745 376 1786 Subiugale
402 1749 535 1786 mutum,

154 1793 266 1826 Caecis
294 1795 390 1826 datur
416 1793 507 1831 visio,

200 1841 255 1872 Fit
281 1842 322 1874 de
349 1844 443 1881 sputo
469 1841 581 1880 lutum,

154 1889 226 1922 Tali
250 1890 290 1922 de
317 1889 443 1922 collirio

201 1937 323 1970 Lumen
350 1937 387 1969 fit
413 1942 551 1970 acutum.

121 2093 128 2101 .
156 2068 295 2108 Magnus
320 2069 354 2100 in
380 2067 570 2108 praesaepio

198 2116 288 2149 Deus
314 2116 508 2156 hospitatur,

154 2165 218 2198 Per
243 2174 337 2205 quem
364 2165 444 2197 caeli
472 2163 560 2204 regio

202 2213 284 2246 Tota
310 2212 518 2255 gubernatur,

152 2262 296 2302 Virginis
321 2262 355 2294 in
380 2262 501 2302 gremio

202 2310 299 2350 Vagit
323 2312 356 2342 et
380 2309 531 2347 laetatur,

151 2358 212 2401 Qui
236 2358 340 2400 patris
367 2358 502 2390 consilio

202 2407 328 2440 Cuncta
353 2401 619 2449 [perscrut]atur.

137 2467 278 2495 Dreves.
303 2465 354 2489 Pia
369 2464 536 2489 Dictamina.
568 2463 630 2488 vn.

813 198 845 231 8.
873 196 1021 229 Numinis
1047 199 1080 228 et
1104 194 1242 227 hominis

920 245 1006 278 Unio
1032 247 1159 277 sacrata

871 293 932 325 Est
957 293 990 324 in
1016 293 1089 325 alvo
1115 290 1249 332 virginis

921 339 974 372 Sic
998 339 1235 379 confoederata,

873 389 918 422 Ut
944 397 1000 419 rex
1026 388 1132 428 magni
1159 387 1299 419 nominis

921 435 1036 475 Specie
1060 439 1181 467 mutata

874 485 949 515 Vim
973 483 1143 515 obumbret
1164 483 1305 514 numinis

922 531 1020 563 Veste
1046 531 1234 571 stragulata.

816 667 848 698 9.
876 667 980 698 Intrat
1007 666 1115 696 clausa
1142 665 1266 696 viscera

923 712 1036 745 Gratia
1060 712 1208 752 fecunda,

872 761 977 794 Sentit
1002 760 1124 792 ventris
1148 759 1294 800 pondera

920 809 1028 841 Mater
1053 809 1244 848 verecunda,

874 857 973 889 Sacra
1000 859 1122 888 tument
1148 856 1248 887 ubera

920 904 1010 936 Sacri
1038 904 1130 936 lactis
1155 905 1251 943 unda,

873 953 926 984 Fit
953 961 1035 983 nova
1061 960 1221 992 puerpera

920 1000 1018 1041 Virgo
1045 1008 1175 1032 manens
1202 999 1329 1031 munda„

791 1135 845 1166 10.
872 1135 1001 1166 Testani
1028 1134 1128 1165 intrat
1154 1133 1280 1173 figulus,

919 1181 1006 1214 Deus
1033 1182 1127 1213 homo
1153 1180 1266 1222 factus,

872 1232 927 1263 Fit
954 1230 993 1261 de
1020 1239 1134 1269 magno
1160 1230 1312 1269 parvulus

920 1277 1006 1310 Deus
1031 1279 1121 1309 luens
1148 1282 1250 1319 actuS,

873 1326 965 1358 Saliit
991 1330 1025 1357 ut
1053 1325 1204 1357 hinnulus

917 1374 1034 1406 Mundi
1060 1382 1118 1414 per
1145 1373 1321 1415 anfractus,

870 1422 925 1454 Fit
952 1422 1063 1461 legalis
1091 1422 1208 1453 vitulus

917 1470 971 1502 Ad
996 1475 1130 1502 mortem
1158 1470 1342 1503 distractus

790 1600 846 1632 11.
872 1600 945 1632 Non
972 1603 1041 1631 erat
1066 1599 1255 1639 simplicitas

919 1648 1008 1680 Evae
1034 1648 1225 1687 columbina,

872 1698 971 1736 Quam
998 1696 1124 1727 seduxit
1152 1696 1277 1728 falsitas

922 1744 965 1776 Et
992 1743 1079 1776 fraus
1106 1745 1302 1788 serpentina,

871 1792 945 1830 Sed,
973 1795 1008 1823 ut
1035 1793 1129 1824 detur
1154 1794 1274 1825 sanitas

918 1841 1034 1880 Aegris
1060 1841 1093 1872 in
1119 1841 1252 1883 piscina,

870 1889 985 1922 Cincta
1010 1890 1097 1920 venit
1125 1890 1229 1921 deitas

919 1937 1023 1971 Carne
1049 1939 1230 1978 peregrina.

795 2067 848 2099 12.
878 2067 1002 2098 Novum
1029 2070 1154 2105 tempus
1181 2069 1294 2107 oritur,

921 2113 1016 2146 Nova
1040 2115 1095 2147 lux
1122 2117 1265 2155 aestatis,

874 2163 918 2194 Et
942 2162 975 2194 iu
1003 2163 1086 2195 diem
1113 2164 1249 2196 vertitur

921 2210 993 2243 Nox
1020 2212 1230 2253 antiquitatis,

870 2260 938 2291 Iam
965 2267 1056 2291 error
1082 2259 1259 2293 destruitur

921 2306 1137 2350 Infidelitatis,

872 2355 912 2387 Et
939 2356 1076 2388 mundus
1102 2356 1285 2397 ingreditur

919 2403 1011 2436 Viam
1037 2404 1192 2437 veritatis

1218 2461 1236 2489 5
