1651 2680
706 106 873 142 —373
924 126 968 131 —

190 197 244 231 19.
271 198 376 231 Adest
403 199 601 241 cellerarius,

317 245 362 278 Et
387 247 495 279 vinum
520 248 733 292 ministratur,

271 293 377 326 Locus
392 297 435 326 'et
458 295 603 327 notarius

319 341 430 380 Quivis
455 341 658 378 sollicitatur.

187 417 243 451 20.
272 416 366 449 Nunc
391 419 478 450 venit
505 421 711 460 camerariuS,

318 464 362 496 Et
387 475 497 498 mensa
522 472 736 508 praeparatur

270 513 349 545 Post
373 514 467 546 adest
492 515 686 548 stabularius

316 560 362 592 Et
387 570 486 602 equus
513 568 697 597 exornatur.

186 637 243 671 21.
271 637 390 677 Aperit
418 639 590 681 portarius,

316 685 371 716 Ad
398 695 545 726 campum
572 688 754 729 equitatur3

273 733 415 767 Cursitat
439 734 580 772 avarius,

319 781 363 813 Ut
388 791 444 813 aer
471 782 630 821 capiatur.

878 205 933 236 22.
962 205 1033 237 Mos
1060 206 1120 237 iste
1146 208 1356 247 necessariuS‚

1009 253 1061 285 Sic
1087 256 1211 294 tempus
1238 256 1411 295 breviatur,

961 300 1109 333 Occurrit
1134 312 1256 343 pauper
1282 304 1398 342 varius,

1009 349 1074 381 Sed
1099 349 1147 380 illi
1171 351 1254 382 nihil
1280 351 1386 383 datur.

883 424 937 455 23.
965 424 1104 464 Vigilant
1130 426 1162 457 in
1188 426 1310 458 lusibus

1014 474 1065 504 Ad
1092 473 1201 505 horam
1228 475 1430 515 matutinam,

966 520 1027 551 Pro
1055 520 1171 552 divinis
1199 523 1307 553 usibus

1013 568 1171 600 Ordinant
1198 570 1374 609 coquinam.

882 643 938 675 24.
967 644 1074 675 Verba
1102 644 1209 676 volant
1238 645 1379 686 Veneris,

1014 691 1150 724 Pudoris
1179 693 1318 733 inimica,

965 739 1068 770 Huius
1092 741 1201 771 mundi
1227 740 1357 771 sceleris

1016 787 1119 819 Nimis
1146 788 1318 828 impudica.

551 862 607 893 25.
636 861 758 892 vivunt
783 862 815 893 in
843 862 969 894 deliciis

681 908 724 941 Et
748 915 924 949 sequuntur
951 916 1057 943 castra

636 958 673 989 In
701 958 811 989 mundi
840 958 973 995 divitiis,

685 1005 753 1036 Nec
779 1006 844 1037 itur
869 1006 916 1037 sic
942 1007 983 1038 ad
1010 1012 1108 1038 astra.

189 1161 218 1191 1.
247 1157 403 1195 Schisma,
436 1158 639 1198 sacrilegium

293 1205 393 1238 Modo
421 1212 624 1246 venerantur,

243 1256 382 1294 Quorum
409 1254 613 1294 privilegium

319 1302 415 1334 Multi
441 1303 619 1338 imitantur,

184 1381 216 1412 2.
244 1379 385 1412 Simonis
411 1378 553 1411 officium

292 1427 389 1460 Multi
414 1432 664 1471 prosequuntur,

242 1476 340 1509 Cuius
366 1475 558 1508 maleficium

290 1524 456 1563 Amplecti
483 1524 640 1558 nituntur.

183 1603 213 1635 3.
242 1601 334 1641 Quod
361 1603 521 1641 quondam
549 1605 619 1633 erat
652 1601 806 1642 dedecus,

293 1649 387 1682 Nunc
413 1650 515 1681 honor
540 1653 718 1691 reputatur,

242 1697 393 1730 Iustitiae
421 1696 588 1729 famelicus

291 1748 322 1779 A
349 1746 458 1777 multis
485 1746 677 1778 detestatur.

181 1826 214 1858 4.
242 1822 344 1856 Nefas
372 1832 456 1854 nunc
482 1822 537 1863 qui
565 1822 724 1865 prohibet,

289 1871 342 1904 Ab
369 1871 515 1903 omnibus
543 1871 661 1910 oditur,

241 1921 307 1954 Sed
334 1920 388 1960 qui
413 1929 447 1951 se
474 1929 588 1952 vanum
617 1918 756 1961 exhibet,

289 1968 462 2002 Libentius
489 1968 632 2002 auditur.

182 2050 213 2082 5.
240 2045 354 2080 Omnis
380 2045 445 2077 iam
470 2045 599 2077 devotio

291 2093 432 2133 Dormit,
458 2096 558 2134 tepet,
586 2096 688 2133 nutat,

242 2142 308 2175 Sed
335 2141 406 2173 veri
429 2141 608 2173 subtractio

290 2189 384 2223 Viam
410 2189 473 2222 Dei
499 2193 602 2221 mutat

181 2270 214 2302 6.
240 2268 278 2300 In
304 2264 601 2306 concupiscentiam

290 2313 335 2348 Et
360 2313 392 2345 in
418 2321 518 2346 vanos
544 2321 668 2354 mores3

242 2364 315 2397 Non
339 2365 453 2394 curant
478 2360 720 2400 continentiam,

292 2409 358 2444 Sed
383 2410 490 2450 gulam
517 2412 550 2440 et
574 2408 723 2441 honores.

811 1095 866 1127 Vl.

907 1161 936 1191 7.
964 1159 1135 1199 Quaeritur
1162 1170 1243 1191 nunc
1271 1161 1368 1191 otium

1014 1207 1161 1239 Omnium
1190 1208 1353 1242 bonorum,

967 1256 1103 1286 Lucrum
1131 1260 1160 1286 et
1188 1257 1348 1296 negotium

1014 1303 1251 1335 Mundanorum
1279 1304 1402 1337 horum.

901 1380 933 1414 8.
962 1379 1134 1419 Quaeritur
1160 1390 1244 1411 nunc
1271 1381 1415 1419 corporis

1009 1430 1120 1466 Amor,
1149 1428 1259 1463 honor,
1288 1427 1379 1459 favor

963 1477 1065 1507 Huius
1092 1476 1192 1507 nostri
1220 1477 1386 1515 temporis,

1010 1525 1135 1566 Regnat
1162 1524 1254 1563 livor,
1283 1534 1394 1563 pavor.

907 1603 938 1634 9.
963 1602 1071 1633 Crevit
1099 1601 1193 1632 turba
1221 1602 1371 1640 Simonis,

1011 1649 1185 1682 Proficiunt
1212 1650 1367 1684 Giezitae,

964 1698 1052 1728 Voce
1078 1697 1219 1729 clamant
1245 1699 1432 1731 daemonis:

1012 1746 1061 1777 Ite
1089 1749 1119 1776 et
1145 1746 1265 1780 venite.

882 1823 936 1854 10.
964 1823 1086 1854 Aurum
1114 1822 1141 1852 si
1165 1822 1357 1864 ostenditur,

1012 1870 1158 1910 Metalla,
1186 1871 1352 1912 numisma,

966 1918 1090 1949 Donum
1116 1918 1176 1949 Dei
1203 1918 1363 1960 venditur,

1012 1966 1081 1998 Nec
1106 1966 1236 1998 timetur
1262 1967 1412 2000 chrisma.

883 2044 936 2076 11.
964 2043 1092 2083 Legem,
1121 2044 1321 2084 evangelium

1009 2091 1108 2123 Muiti
1134 2096 1370 2133 perverterunt,

962 2139 1197 2171 Numismatum
1223 2140 1377 2172 auxilium

1012 2188 1075 2220 Pro
1102 2187 1210 2219 divino
1235 2195 1403 2228 quaerunt.

881 2264 934 2297 12.
963 2264 1121 2296 Crescunt
1146 2265 1347 2305 temporalia,

1009 2311 1149 2352 Spiritus
1175 2313 1355 2356 decrescit,'

961 2360 1014 2391 Ad
1041 2361 1119 2392 haec
1145 2364 1176 2392 et
1201 2362 1243 2393 ad
1268 2362 1418 2402 aequalia

1010 2407 1120 2448 Quivis
1145 2408 1332 2442 inardescit.
