1651 2680
714 101 952 137 „93-

189 200 243 232 23.
273 198 411 238 Salvete,
438 197 559 230 femora
586 198 721 240 detecta,

271 246 367 278 Ensis
390 252 420 277 et
446 255 535 278 arma
559 250 632 277 sunt
657 245 782 278 abiecta

271 295 305 325 In
333 295 476 334 corporis
502 294 648 333 passione

273 342 334 373 Pro
359 346 467 374 nostra
495 341 675 373 dilectione.

875 199 930 231 28.
959 198 1062 240 Salve,
1090 203 1199 231 sancte
1224 208 1281 238 pes
1305 197 1449 238 sinister,

959 245 1062 287 Salve,
1090 256 1109 278 o
1134 247 1215 279 bone
1240 245 1403 287 magister,

957 293 1061 333 Salve,
1090 295 1231 327 foramen
1259 293 1410 332 vulneris,

956 342 1004 373 Tu
1030 342 1097 374 laus
1124 342 1252 374 humani
1277 341 1413 381 generis

191 455 258 489 24]
274 456 411 498 salvete,
439 461 549 487 sancta
575 465 686 495 genua,
879 457 933 489 29.
961 455 1065 496 Salve,
1091 457 1175 488 latus
1200 456 1380 494 salvatoris,

274 504 442 536 Prodiistis
468 505 508 535 ad
535 504 635 535 ardua

274 552 315 583 Et
341 553 466 590 petistis
492 551 633 585 humilia.

274 599 411 631 Curvata
435 600 476 631 ad
503 599 646 639 vestigia.

270 714 406 756 Sall-ete,
435 724 527 745 crura
553 714 691 750 Domini,

271 761 362 793 Salus
390 768 425 793 ut
450 766 533 792 esset
559 762 687 795 homini.

273 810 463 840 Cacum-istis
488 810 520 840 in
546 809 683 849 spinosa.

275 858 308 888 ln
334 866 447 898 aspera
474 862 502 887 οἵ
531 866 672 888 caenosa.

191 982 196 986 ·
223 974 245 1005 ζ’,
275 972 412 1008 Salvete,
440 972 537 1011 pedes
564 971 703 1011 gloriosi,

273 1021 306 1050 ln
336 1021 438 1051 esurie
465 1025 494 1049 et
521 1020 552 1049 in
579 1019 632 1049 siti

271 1067 444 1105 Quaesistis
471 1076 559 1097 ovem
586 1067 756 1105 perditam,

273 1116 360 1145 Inter
386 1116 476 1153 lupos
502 1114 731 1148 absconditam,

192 1239 196 1243 ·
240 1256 246 1262 .
275 1229 379 1269 Salve,
408 1229 520 1260 vulnus
547 1228 652 1259 dextri
678 1229 782 1270 pedis,

277 1277 379 1307 Salve.
408 1286 425 1308 o
451 1285 524 1314 spes
551 1276 660 1307 firmae
685 1277 785 1315 aedis,

277 1324 380 1364 Salve,
409 1324 518 1357 clavis.
546 1323 642 1363 salve,
666 1324 802 1363 sanguis,

961 503 1065 543 Salve,
1095 504 1207 535 vulnus
1234 504 1457 543 redemptoris,

960 551 1066 590 Salve,
1093 552 1220 590 sanguis
1246 551 1311 582 veri
1338 549 1437 593 floris,

961 599 1064 639 Salve,
1093 609 1175 639 aqua
1200 598 1409 632 mundatoris,

906 715 931 745 ζ.
960 713 1063 753 Salve,
1091 723 1109 745 o
1135 722 1201 753 cor,
1226 713 1338 744 amisti

959 761 1004 792 Ut
1029 759 1166 792 foenum.
1194 760 1322 800 quando
1348 759 1462 793 subisti

959 808 1097 840 Mortem
1124 809 1244 846 volens,
1270 817 1362 848 quam
1385 808 1490 849 sitisti,

962 856 1043 887 Dum
1069 859 1102 888 in
1129 865 1222 887 cruce
1249 855 1429 895 perstitisti.

877 976 882 998 ἒ
925 996 932 1002 .
961 970 1065 1009 Salve,
1092 981 1110 1002 o
1137 971 1239 1001 dulcis
1265 970 1370 1000 anima

961 1018 1032 1049 Iesu
1060 1018 1180 1050 Christi
1206 1018 1396 1058 peroptima,

960 1066 1007 1096 Tu
1033 1066 1171 1101 sensisti,
1196 1065 1279 1105 quod
1308 1066 1414 1097 tunica

960 1114 1028 1145 Tua
1056 1114 1127 1145 tulit
1155 1114 1312 1144 Davitica.

879 1230 895 1254 ³³
927 1255 932 1260 .
961 1227 1088 1259 salvete
1114 1237 1206 1265 nnnc,
1233 1238 1251 1258 o
1277 1227 1382 1258 omnia

961 1274 1105 1306 Membra
1133 1275 1252 1308 Christi
1279 1274 1403 1314 felicia;

962 1322 1043 1353 Tota
1069 1328 1176 1353 nostra
1204 1322 1324 1353 familia

961 1370 1031 1400 Stat
1057 1371 1171 1401 victrix
1198 1371 1229 1400 in
1255 1370 1398 1403 victoria.

276 1371 380 1411 Salve,
408 1382 425 1401 o
451 1380 547 1402 aem-c
573 1371 694 1409 anguis,

250 1478 330 1501 Orat.
360 1484 409 1501 ius.
433 1478 594 1509 &impense
623 1475 690 1499 anni
723 1472 802 1500 1462.
845 1473 913 1499 Cod.
936 1474 1153 1500 Darmstadieu.
1182 1472 1245 1500 5⁴21.
1268 1488 1305 1491 —
1325 1472 1358 1505 4⁷
1389 1472 1401 1500 l
1426 1484 1492 1510 pur-

176 1514 281 1547 purati.
304 1527 339 1530 —
361 1513 394 1544 4,
424 1512 440 1539 ¹.)
461 1513 500 1539 Et
521 1513 718 1546 flagellatione
740 1512 928 1538 immaculati.
951 1526 987 1529 —
1009 1510 1041 1541 4,
1064 1511 1081 1538 3
1103 1513 1163 1539 Nos
1184 1520 1287 1538 manus
1310 1516 1346 1538 et.
1369 1527 1404 1531 —
1425 1513 1452 1545 4,
1474 1514 1493 1540 4

177 1553 315 1578 Hirsutos
337 1560 393 1577 non
415 1554 640 1586 conpnsuerunt.
662 1563 697 1567 —-
726 1549 752 1583 7,
773 1549 792 1576 4
813 1551 894 1583 Quae
917 1549 998 1576 caelo
1019 1550 1142 1585 fulgens.
1159 1565 1193 1569 -—
1215 1551 1242 1580 ὅ,
1263 1548 1280 1576 3
1302 1559 1318 1576 o
1340 1558 1433 1578 nares.
1456 1566 1493 1570 —

178 1593 202 1621 δ’,
225 1589 242 1616 4
264 1589 301 1615 Et
324 1598 383 1616 vos.
406 1604 441 1608 —·
463 1590 488 1617 9,
510 1588 526 1614 4
543 1590 637 1615 Nimis·
659 1587 738 1614 fehlt.
760 1602 796 1606 —
825 1586 867 1619 17,
888 1588 905 1614 4
927 1596 1002 1622 quae
1023 1588 1103 1615 fehlt.
1127 1605 1161 1608 -
1184 1586 1228 1619 20,
1249 1586 1268 1615 3
1289 1593 1333 1615 est
1353 1589 1433 1616 fehlt.
1454 1605 1491 1609 —

175 1627 225 1656 ²20.
248 1627 265 1653 4
287 1627 422 1654 effudisti.
446 1642 479 1645 —
503 1626 547 1655 21,
568 1625 585 1653 3
607 1635 670 1653 cum
694 1626 774 1653 fehlt.
796 1640 831 1644 —
856 1624 900 1653 22.
922 1624 939 1651 3
961 1626 1122 1653 nuditatem
1146 1626 1253 1660 Cham;
1282 1636 1311 1653 es
1333 1627 1405 1655 fehlt
1426 1630 1491 1655 eine

176 1667 264 1693 Silhe.
287 1681 322 1684 —
344 1664 397 1693 25.
424 1666 441 1690 :’‚
462 1667 506 1692 Tu
527 1665 682 1691 cucurristi
704 1665 743 1691 in.
764 1679 801 1682 —
821 1663 872 1696 29,
903 1662 920 1690 2
941 1665 1107 1692 salvatoris.
1130 1681 1163 1684 —
1187 1663 1232 1696 31,
1257 1664 1269 1691 1
1292 1665 1387 1692 dulcis
1408 1667 1489 1694 fehlt.

436 1856 482 1885 55.
526 1853 565 1884 De
588 1852 734 1883 Passione
756 1852 875 1883 Domini
899 1851 1063 1883 meditatio
1085 1852 1228 1892 rigmica.

874 1964 904 1994 2.
933 1962 957 1994 Ο
985 1962 1011 1992 si
1037 1971 1184 2002 unquam,
1212 1963 1329 2001 anima,

980 2009 1095 2042 devota
1122 2009 1222 2047 fuisti,

932 2057 1068 2096 Respice
1093 2058 1124 2089 in
1150 2057 1263 2090 faciem

979 2105 1074 2137 modo
1099 2106 1146 2137 tui
1171 2106 1304 2147 Christi,

932 2153 1157 2194 Contemplare
1180 2155 1309 2194 speculo

978 2201 1010 2232 in
1037 2201 1096 2233 hoc
1120 2202 1217 2233 corde
1243 2203 1340 2241 tristi,

931 2250 1018 2288 Quae
1042 2255 1074 2280 et
1099 2254 1246 2289 quantae,
1273 2254 1349 2290 quot
1367 2260 1491 2291 poenae

978 2297 1088 2328 illatae
1112 2297 1174 2329 sint
1200 2298 1272 2334 isti;

933 2345 1050 2376 Ventre
1075 2345 1186 2377 matris
1213 2346 1307 2377 latuit.

1025 2401 1113 2424 more
1136 2394 1282 2426 aliorum.

188 1968 217 1998 1.
246 1965 349 1996 Adam
375 1973 431 1996 nos
458 1973 515 2004 per
542 1963 629 1993 vetiti

293 2013 377 2052 pomi
405 2012 531 2043 damnat
560 2019 657 2043 esum,

243 2060 306 2092 Sed
336 2059 503 2091 humanum
531 2059 577 2089 sic
602 2067 699 2097 genus

294 2108 403 2139 dolens
430 2112 522 2146 pater
546 2107 677 2143 laesum,

245 2156 333 2187 Misit
361 2164 449 2186 suum
476 2155 573 2185 tilium

291 2203 450 2234 incarnari
479 2204 592 2238 Iesum,

246 2252 307 2282 Per
331 2260 422 2290 quem
449 2251 552 2291 plagis
578 2248 734 2289 plurimis,

292 2299 420 2330 tandem
446 2304 547 2330 morte
573 2305 698 2328 caesum

243 2345 323 2382 Sunt
351 2347 464 2378 salvati
491 2346 631 2377 homines

338 2405 354 2426 a
381 2395 492 2435 poenis
518 2403 635 2425 eorum.
