1651 2680
719 103 976 138 —100—

209 204 263 236 11.
292 203 332 235 Ut
361 211 416 233 rex
443 202 563 232 cinctus
589 201 696 232 tunica
893 198 947 231 15.
974 198 1057 230 Dum
1083 199 1232 231 horarum
1257 199 1362 239 spatio

339 249 567 288 chlamydeque
592 248 676 280 bona
1022 246 1117 278 trium
1143 247 1351 287 pependisset

287 298 329 330 Et
357 306 414 336 pro
440 297 619 328 diademate
973 293 1018 326 Et
1043 295 1210 334 exspirans
1235 294 1383 334 spiritum

337 346 447 384 spinea
474 354 600 386 corona,
1023 351 1113 374 suum
1140 342 1358 382 commisisset,

291 394 354 424 Pro
380 396 507 432 sceptro
532 391 688 423 arundine
977 388 1116 430 Cumque
1143 390 1233 420 miles
1259 389 1370 420 lancea

339 440 423 475 data,
448 444 520 480 post
546 440 622 471 haec
649 439 732 470 dona
1023 437 1108 469 latus
1132 436 1357 476 transfixisset,

293 489 409 520 Flectit
437 497 517 528 genu
542 487 661 518 ironice
978 485 1020 516 Et
1044 485 1171 525 sanguis
1197 484 1366 516 continuus

337 544 412 575 gens
439 536 480 567 ad
505 536 619 567 malum
648 543 757 575 prona,
1025 536 1056 563 et
1080 542 1162 572 aqua
1188 531 1342 571 fluxisset,

291 584 486 623 Colaphizat.
515 583 658 622 conspuit
978 580 1139 620 Sepelitur
1163 590 1181 612 a
1208 580 1323 621 Ioseph

385 641 488 671 regem
515 631 708 670 angelorum.
1071 637 1158 660 more
1185 629 1385 660 ludaeorum.

208 791 263 821 12.
294 790 423 820 (frucem
451 788 491 819 ad
520 788 698 819 Calvariam
897 787 952 819 16.
980 785 1041 816 Hie
1068 786 1232 826 redempte
1259 785 1362 824 cogita

340 840 472 874 portans
499 840 657 873 oneratur,
1025 833 1127 874 homo,
1154 833 1224 872 quis
1249 838 1279 863 et
1306 832 1408 872 qualis

292 885 359 923 Qua
385 889 491 914 tensus
518 883 720 923 expanditur,
978 881 1063 918 Fuit,
1091 881 1144 921 qui
1171 881 1245 912 dum
1271 881 1415 915 moritur.

341 937 462 963 tractus
488 931 636 965 laniatur.
1026 932 1131 960 terrae
1157 932 1259 959 motus
1284 928 1358 959 talis

292 979 439 1010 Manibus
467 984 495 1009 et
523 978 657 1017 pedibus
977 976 1021 1007 Et
1046 977 1121 1007 solis
1147 976 1326 1007 obscuritas

340 1026 438 1058 clavis
464 1026 657 1065 pei-loratur.
1026 1029 1093 1055 erat
1120 1024 1276 1063 generalis

293 1074 344 1106 Sic
369 1074 492 1105 adfixus
518 1074 618 1112 stipiti
979 1071 1185 1111 Scissuraque
1210 1071 1352 1110 lapidum

341 1122 410 1153 dire
436 1122 605 1161 sauciatur,
1028 1120 1151 1158 velique
1177 1119 1294 1159 totalis,

291 1169 451 1209 Factaque
478 1169 592 1199 divisio
980 1166 1145 1206 Multaque
1171 1170 1377 1198 surrexerunt

387 1222 433 1248 est
461 1217 729 1247 vestimentorum.
1075 1224 1210 1254 corpora
1236 1218 1426 1245 sanctorum.

220 1381 273 1412 13.
300 1379 351 1410 Ad
378 1383 577 1418 augmentum
604 1377 746 1408 scandali
898 1377 953 1409 17.
980 1376 1152 1416 Compassa
1178 1380 1250 1407 sunt
1277 1376 1381 1407 omnia

344 1430 375 1457 et
401 1425 592 1457 confusionis
1027 1433 1084 1455 suo
1110 1424 1265 1461 creatori;

297 1474 424 1505 Christo
451 1474 545 1505 vilem
573 1474 726 1512 deputant
981 1471 1056 1502 Eris
1081 1480 1156 1512 ergo
1183 1471 1294 1502 durior

341 1522 443 1553 locum
473 1521 640 1562 passionis,
1029 1523 1121 1557 petra
1148 1519 1279 1560 duriori,

296 1569 415 1601 Horam
442 1570 473 1600 in
497 1569 629 1600 meridie
982 1566 1014 1597 Si
1042 1576 1102 1598 non
1130 1568 1173 1598 sis
1201 1567 1396 1606 compatiens

343 1617 567 1649 crucifixionis,
1030 1615 1105 1655 eius,
1132 1615 1185 1654 qui
1210 1615 1256 1645 sic
1283 1615 1362 1646 mori

294 1665 334 1696 Et
363 1665 393 1697 in
420 1664 500 1696 festo
526 1664 664 1695 maximo
982 1663 1044 1693 Pro
1070 1667 1101 1694 te
1127 1667 1240 1702 sponte
1268 1662 1380 1701 voluit,

342 1718 387 1744 est
417 1714 515 1743 bonus
540 1721 610 1743 cum
636 1721 697 1742 non
724 1710 815 1742 bonis
1029 1710 1169 1750 iungaris
1195 1711 1296 1742 amori

296 1761 474 1800 Deputatus
499 1761 531 1791 in
557 1759 662 1790 medio
980 1757 1175 1798 Expurgatis
1202 1759 1289 1790 vitiis

389 1810 547 1840 latronum
575 1808 718 1839 duorum.
1078 1807 1166 1846 prius
1192 1811 1406 1847 peccatorum.

220 1968 272 2000 14,
301 1966 377 1997 Cum
404 1967 448 1997 sic
475 1966 516 1997 ad
542 1965 758 2005 spectaculum
904 1965 958 1997 18.
988 1964 1067 1995 Nam
1096 1965 1190 1996 dicit:
1220 1965 1418 1997 Vocaveram

347 2018 428 2045 esset
456 2023 533 2044 crux
559 2017 677 2049 evecta.
1036 2021 1102 2049 vos,
1130 2018 1161 2044 et
1187 2013 1348 2053 renuistis,

300 2062 401 2093 Adest
428 2062 536 2101 lingua
562 2061 709 2099 hostium,
986 2059 1117 2091 Manum
1143 2069 1244 2092 meam
1271 2061 1412 2101 extendi,

346 2109 477 2140 insultat
502 2107 631 2146 infecta,
1032 2111 1063 2138 et
1089 2117 1151 2139 non
1176 2109 1357 2148 aspexistis,

302 2156 367 2187 Nec.
395 2157 561 2188 damnatus
586 2157 685 2187 tacuit
986 2155 1101 2187 Omnia
1126 2156 1259 2188 consilia

349 2205 430 2235 latro
457 2214 550 2235 causa
577 2208 682 2245 recta3
1035 2211 1106 2234 mea
1132 2204 1334 2246 despexistis,

302 2251 375 2283 Sitit
401 2252 488 2283 Iesus
514 2252 619 2283 omnia
987 2251 1049 2289 Et,
1082 2251 1154 2282 dum
1182 2252 1212 2282 in
1241 2261 1334 2284 cruce
1360 2262 1523 2297 paveram,

350 2300 461 2331 videns
486 2300 548 2330 iam
575 2298 728 2340 perfecta,
1037 2307 1092 2330 vos
1117 2308 1180 2330 non
1207 2301 1387 2341 curavistis,

301 2348 402 2378 Aceto
428 2351 554 2387 potatus
580 2352 627 2378 est

395 2399 425 2426 et
454 2394 528 2426 felle
553 2404 671 2426 eorum.

1042 2345 1081 2378 de
1106 2347 1139 2378 in
1164 2347 1297 2379 interitu
