1651 2680
765 95 998 131 —84-

264 192 295 222 9.
325 190 410 230 Quos
435 190 504 220 unit
529 191 706 230 aequalitas

369 238 401 269 in
428 238 625 278 extensione,

322 286 474 318 Secernet
501 285 676 325 disparitas

369 333 401 364 iu
428 333 614 373 intentione,

322 381 441 421 Minus,
470 389 563 420 quam
590 385 772 413 meruerant

370 432 503 460 urentur
528 437 684 468 personae

320 476 371 508 Ex
397 475 526 516 benigni
551 476 667 508 iudicis

370 523 578 563 mitigatione.

773 408 782 424 9

240 622 295 653 10.
323 620 426 652 Domo
452 620 554 659 patris
580 628 699 651 vacuae

371 672 497 699 exstant
522 668 702 699 mansiones

322 717 460 754 Propter
487 715 719 747 diversimodas

369 762 628 803 praemiationes‚

320 812 379 850 Qui
406 811 514 849 plures
539 811 571 841 in
599 819 732 850 corpore

367 858 448 890 sevit
474 859 623 896 sationes,

321 906 478 939 Plurimas
505 906 537 937 in
564 906 669 945 patria

369 958 467 985 metet
492 955 676 986 messiones

239 1051 294 1083 11.
322 1050 413 1082 Isaac
438 1050 491 1088 qui
516 1050 631 1081 merita

368 1098 474 1128 carnis
500 1107 576 1137 agro
602 1098 690 1139 serit,

320 1145 511 1184 Centuplunt
533 1146 682 1187 inveniet,

368 1202 436 1225 cum
464 1202 624 1224 messurus
651 1194 729 1233 erit,

321 1242 354 1275 Si
381 1241 450 1280 quis
473 1241 513 1272 ob
539 1240 660 1281 flagitia

369 1293 612 1328 quantacunque
635 1289 730 1329 perit,

321 1338 457 1369 Laesum
485 1338 566 1368 citra
590 1337 704 1368 merita

368 1385 439 1425 pius
465 1385 562 1416 iudex
589 1384 675 1416 ferit.

927 192 982 227 12.
1009 193 1081 226 Iesu
1106 203 1165 234 per
1189 194 1329 226 Davitici

1056 242 1137 274 vatis
1163 242 1326 274 cantiones

1010 289 1131 322 Cuncta
1155 298 1253 330 super
1277 298 1376 330 opera

1058 337 1278 369 miserationes
1289 349 1297 377 ;

1009 385 1050 417 Id
1075 388 1192 416 norunt
1216 385 1406 424 terrigenae,

1058 433 1138 464 caeli
1164 433 1337 473 contiones,

1009 480 1083 513 Usti
1109 480 1304 520 purgatorio,

1058 527 1164 568 Stygis
1189 527 1341 566 legiones,

932 621 986 654 13.
1010 621 1126 652 Nullus
1153 624 1201 652 est
1225 619 1432 652 absconditus

1060 679 1078 700 a
1103 669 1176 700 Iesu
1202 667 1328 700 fervore

1012 716 1081 749 Nec
1107 717 1273 755 quisquam
1299 714 1491 756 subterfugit.

1060 774 1078 795 a
1104 764 1207 794 mellis
1234 764 1374 802 dulcore,

1013 812 1105 851 Quod
1131 815 1238 843 manat
1263 820 1301 843 ex
1327 811 1474 843 scatebra

1056 860 1140 890 vitae
1166 859 1379 900 redemptore,

1011 907 1138 946 Omnes,
1165 907 1222 938 sed
1249 907 1431 949 dispariter,

1056 955 1139 995 rigat
1165 953 1261 986 fontis
1287 964 1369 988 rore.

929 1051 984 1085 14.
1011 1050 1089 1082 Tam
1115 1050 1246 1082 summis
1271 1059 1363 1089 quam
1389 1048 1504 1082 infimis

1059 1107 1152 1138 quarn
1180 1102 1212 1129 et
1237 1098 1393 1129 medianis

1008 1146 1166 1177 Flectitur
1189 1153 1209 1180 a
1235 1146 1340 1185 litera,

1056 1194 1143 1225 Iesus
1169 1194 1253 1224 vitae
1278 1193 1380 1235 panis,

1008 1241 1123 1279 Iustus,
1151 1242 1222 1281 pius
1247 1242 1370 1280 pariter

1056 1288 1148 1320 iustis
1175 1293 1205 1320 et
1232 1287 1387 1328 profanis,

1009 1337 1154 1378 Caelicis,
1182 1336 1342 1375 tartareis,

1056 1385 1210 1426 purgatis,
1237 1383 1416 1417 mundanis.

600 1480 654 1512 15.
682 1479 855 1511 Paradisus
883 1478 1018 1519 denique

731 1527 848 1567 gaudet
875 1527 915 1558 de
941 1528 1071 1564 Messia,

683 1575 773 1614 Quod
799 1575 876 1606 satis
904 1575 1045 1607 dilucide

729 1623 830 1662 liquet
855 1623 888 1654 in
913 1623 999 1661 Elia,

683 1671 720 1703 In
745 1674 852 1701 monte
878 1679 948 1702 eum
974 1670 1091 1702 fruitur

730 1718 802 1750 Iesu
827 1718 962 1758 theoria,

683 1766 760 1798 Cum
786 1766 858 1798 Iesu
884 1766 1041 1806 colloquia

730 1814 963 1846 commiscendo
988 1815 1054 1854 pia.

753 1957 994 1990 Conclusio.

255 2057 284 2089 1.
312 2058 417 2088 Areae
444 2055 512 2086 Noe
538 2053 666 2086 fuerant

359 2103 497 2143 quinque
522 2102 713 2140 mansiones,

311 2152 398 2190 Quae
424 2154 471 2182 tot
496 2149 607 2182 mundi
633 2152 826 2190 praerogant

359 2198 583 2240 habitationes,

311 2248 400 2280 Iesus
428 2246 551 2277 cunctis
576 2244 681 2277 influit

357 2294 590 2336 miserationes,

308 2343 388 2376 Eius
411 2350 525 2373 nornen
553 2341 695 2373 continet

359 2393 406 2423 tot
431 2390 676 2430 protractiones.

941 2054 973 2086 2.
1001 2054 1090 2086 Haec
1115 2054 1233 2085 mellici
1258 2054 1396 2086 nominis

1049 2105 1097 2133 est
1121 2101 1362 2143 orthographia,

1001 2149 1175 2182 Christiani
1200 2150 1340 2189 pectoris

1044 2197 1124 2229 haec
1148 2197 1364 2238 philosophia,

996 2245 1086 2277 Haec
1111 2245 1331 2277 ecclesiastica

1046 2293 1088 2325 sit
1112 2293 1277 2335 allegoria,

999 2341 1090 2374 Haec
1114 2340 1148 2372 in
1173 2350 1296 2373 morum
1323 2341 1472 2382 dogmate

1048 2389 1091 2422 sit
1116 2390 1306 2431 tropologia.
