1651 2680
729 111 986 146 ..145-

703 208 764 240 Ad
801 208 996 242 Primam.

227 309 233 316 .
261 283 286 315 Ο
313 292 428 315 aurora
456 284 562 325 rutila,
895 286 926 317 2.
953 286 980 318 O
1006 295 1153 325 magnum
1178 284 1385 325 mysterium!

259 331 348 371 Dies,
375 335 502 363 noctem
529 332 652 370 mutila,
952 334 998 365 Te
1021 334 1134 365 laudat
1157 333 1326 373 imperium

260 379 324 416 Sol,
351 384 471 411 terram
496 379 655 417 illumina,
949 382 1125 414 Terrenum
1150 385 1181 412 et
1207 380 1363 418 caeleste3

260 428 346 465 Quae
372 435 471 468 super
497 428 661 458 cacumina
951 429 1018 460 Nos
1043 428 1161 460 liberes
1187 437 1205 460 a
1230 434 1332 469 peste,

305 474 393 506 Caeli
420 476 541 507 resides
563 475 712 509 sublima.
998 476 1046 507 Ne
1069 476 1254 508 decidamus
1279 475 1322 507 ad
1347 475 1421 506 ima.

531 572 562 602 3.
589 572 614 603 O
644 579 709 610 vaS‚
736 571 837 610 virgo,
864 571 996 611 gratiae,

588 618 711 649 Fruens
738 618 797 650 Dei
824 618 917 659 facie,

588 666 661 697 Tibi
687 666 755 697 laus
782 670 813 696 et
838 666 964 708 gloria3

589 712 707 745 Confer
731 713 901 752 adiutoria,

635 761 784 799 Regu-ans
810 767 883 800 post
910 761 1070 792 Christum
1098 761 1212 800 prima,

1225 695 1240 713 ἱ

696 866 756 898 Ad
792 866 993 897 Tertiam.

223 967 229 974 .
257 944 352 980 Nata,
379 947 486 975 natum
513 943 623 981 adora,
889 944 920 974 2.
949 941 1128 976 Praeclara,
1157 941 1277 972 clarum
1301 942 1407 983 placa,

257 991 384 1030 Sancta,
410 996 553 1022 sanetum
580 992 714 1024 honora.
907 1022 912 1026 ,
946 990 999 1022 Sic
1024 990 1116 1026 iusto,
1143 989 1236 1024 iusta,
1264 997 1343 1021 vaca

257 1039 389 1076 Munda,
417 1039 569 1070 mundum
598 1039 717 1070 decora
945 1038 989 1070 Et
1014 1046 1121 1076 regem
1148 1045 1246 1077 regno
1271 1045 1363 1077 paca,

308 1087 367 1118 Per
394 1091 446 1117 tua
472 1086 633 1126 suffragia.
993 1085 1082 1116 Tolle
1110 1085 1196 1116 necis
1221 1084 1339 1124 plagia.

589 1184 620 1213 23.
648 1183 673 1214 O
701 1183 806 1222 digna,
834 1182 959 1220 dignam
987 1180 1082 1211 laude

645 1230 735 1261 Fecit
762 1228 866 1260 factor
890 1233 932 1264 te,
962 1228 1074 1267 gaude,

644 1278 768 1310 Stratos
794 1277 881 1307 levas
907 1285 926 1306 a
951 1275 1065 1306 fraude

691 1325 852 1356 Relaxans
879 1323 1035 1362 obstagia.

706 1429 767 1460 Ad
799 1427 980 1460 Sextam.

223 1532 230 1539 .
254 1507 339 1537 Iesse
364 1505 473 1537 florem
499 1506 661 1545 produxit,
886 1506 916 1536 2.
944 1505 976 1536 Is
1002 1503 1070 1545 flos,
1098 1504 1198 1543 virgo,
1226 1504 1325 1545 fuisti,

258 1554 335 1585 Flos
362 1553 499 1585 fructum
527 1553 696 1593 exstruxit,
945 1553 1031 1591 Quae
1058 1551 1195 1583 fructum
1222 1554 1390 1592 peperisti,

257 1602 408 1633 Fructum
435 1602 623 1641 sapientiae,
945 1600 1118 1639 Christum,
1146 1598 1286 1632 fructum
1311 1601 1436 1644 salutis,

258 1650 404 1681 Plantam
429 1649 643 1688 paenitentiae
945 1646 1102 1679 Mirificae
1127 1648 1266 1685 virtutis,

303 1696 400 1729 Sacro
427 1697 540 1728 beante
565 1696 702 1728 flamine.
994 1695 1138 1727 Mirabili
1168 1697 1333 1730 velamine.

587 1795 617 1825 3.
644 1792 759 1823 Virens
785 1791 881 1822 arbor
909 1791 1061 1829 dulcoris.

644 1840 759 1871 Ramus
785 1839 889 1878 magni
916 1839 1050 1874 decoris,

641 1887 794 1919 Fructum
820 1887 911 1918 nobis
938 1888 1068 1927 largire,

641 1936 708 1974 Quo
733 1934 858 1966 iamiam
887 1936 1011 1966 resilire

692 1983 850 2014 Possimus
877 1992 894 2013 a
920 1983 1115 2021 peccamine.

714 2088 773 2119 Ad
808 2087 975 2120 Nonam.

222 2193 229 2200 .
258 2167 362 2198 Cardo
389 2167 481 2203 caeli,
884 2165 915 2195 2.
943 2163 1047 2196 Aufer
1071 2164 1178 2195 labem

304 2214 455 2246 Punctum
482 2213 638 2251 meridiei,
990 2211 1208 2252 Adgravantis
1235 2213 1388 2254 criminis,

255 2263 362 2294 Mater
389 2262 449 2293 veli
942 2260 1058 2292 Redde
1083 2260 1207 2292 trabem

303 2311 476 2350 Regnantis
504 2308 650 2346 Galilaei‚
991 2307 1099 2339 Fortis
1124 2307 1347 2351 adiuvamfflis,

255 2360 325 2391 Lux
350 2356 495 2398 perfecta
521 2361 551 2388 et
578 2359 697 2395 erecta,
943 2356 992 2387 Ne
1017 2355 1156 2387 obscena
1180 2355 1271 2388 ferox
1295 2365 1400 2398 poena

305 2407 423 2440 Lumen
451 2406 542 2438 nobis
568 2403 714 2437 infunde.
991 2403 1058 2435 Nos
1083 2404 1196 2445 puniat
1219 2405 1358 2438 abunde.
