1651 2680
784 76 852 111 215

169 167 204 200 3.
231 166 258 199 Ο
285 166 406 200 Christi
431 173 536 202 mater
559 171 676 212 Maria,

227 215 331 247 Iesum
357 217 531 249 clementer
556 218 680 260 invoca,

228 262 275 295 Ut
298 263 401 304 ipsius
427 267 595 306 conceptio

228 311 277 344 Sit
303 311 388 344 vitae
414 317 543 345 nostrae
569 315 738 354 protectio.

225 358 305 392 Eius
331 363 443 392 saneta
467 361 637 402 virginitas

225 406 270 439 Et
293 407 396 440 virtus
423 412 454 439 et
481 409 656 447 humilitas,

226 454 395 495 Baptisma
420 460 516 498 atque
541 458 660 496 passio,

225 503 315 535 Mors
341 507 436 544 atque
462 505 656 537 resurrectio

862 174 892 206 4.
920 173 991 205 Sint
1018 178 1048 205 et
1074 175 1141 205 eius
1167 173 1310 205 ascensio

922 221 1056 262 Semper
1081 225 1190 253 nostra
1215 220 1359 254 defensio

921 269 969 300 De
993 271 1115 301 cunctis
1141 270 1252 309 poenis
1278 268 1383 311 inferi,

918 318 1091 350 Anxietate
1117 318 1247 349 saeculi.

922 365 969 395 Ex
997 365 1054 396 filii
1081 365 1127 396 tui
1153 366 1275 396 meritis

918 412 961 443 Et
989 413 1055 443 eius
1079 413 1197 444 sanctis
1223 413 1372 452 precibus

921 460 968 491 Sit
996 461 1028 491 in
1056 460 1186 491 caelesti
1212 460 1312 500 gloria

920 508 995 539 Mea
1023 508 1180 547 perpetim
1207 508 1321 539 anima.

518 631 548 659 5.
578 630 614 660 ln
642 638 753 660 manus
779 634 860 671 tuaS,
889 630 1036 666 Domine,

578 677 775 709 Commendo
798 679 883 709 omni
909 682 1053 718 tempore

577 725 702 764 Corpus
728 734 831 756 meum
859 730 890 756 et
915 726 1061 766 animam,

577 773 657 812 Quia
684 773 870 814 redemptor
896 782 983 805 meus
1010 783 1043 804 es

577 822 618 853 Et
646 826 747 853 mater
773 826 828 853 tua
852 830 924 853 mea
949 831 1032 861 spes.

582 869 629 901 De
657 869 779 901 cunctis
806 871 917 909 poenis
945 870 1040 901 inferi

576 916 737 949 Defendat
764 926 813 948 me
839 922 941 949 mater
967 918 1038 950 Dei.

223 1024 302 1048 orat.
335 1030 387 1048 ωε.
414 1022 577 1056 Campense
609 1023 678 1048 anni
712 1018 793 1048 1462.
843 1020 913 1048 cod.
944 1022 1150 1048 Darnis-tadien
1180 1022 1245 1049 521.
1272 1037 1303 1042 -
1332 1022 1362 1054 2,
1392 1023 1407 1050 7
1431 1023 1468 1050 Et

146 1060 322 1087 visceribus.
343 1075 380 1078 —
401 1058 426 1091 3,
450 1058 467 1086 5
488 1060 527 1086 Et
545 1061 609 1087 eius
625 1063 735 1086 sancta.
749 1074 786 1078 —
801 1058 827 1091 3,
848 1062 865 1085 «δ’
882 1064 910 1087 et
926 1062 1108 1089 resurrectio,
1125 1076 1160 1080 —-
1176 1061 1202 1091 4,
1227 1060 1238 1087 l
1258 1063 1323 1088 Sint
1338 1061 1417 1088 fehlt.
1434 1076 1468 1079 —

142 1097 179 1131 4,
206 1095 224 1124 2
245 1098 312 1126 Sint
333 1106 455 1134 semper.
480 1113 516 1116 -—
537 1097 570 1130 4,
593 1097 611 1124 4
631 1098 671 1125 Et
691 1098 726 1125 de
748 1100 956 1126 anxietatibus,
986 1114 1006 1115 ψ
1039 1099 1121 1126 Nach
1144 1098 1169 1127 5.
1192 1099 1207 1126 7
1231 1099 1303 1135 folgt
1325 1099 1399 1127 noch
1422 1101 1468 1127 di(⁴

149 1136 298 1164 bekannte
320 1136 459 1172 Strophe:
482 1137 586 1167 Maria,
610 1142 702 1164 mater
722 1138 844 1171 gratiae,
867 1139 963 1164 Mater
984 1138 1204 1164 misericordias·
1227 1141 1280 1164 etc.

597 1328 655 1358 16⁸.
696 1327 739 1357 De
762 1327 859 1358 Beata
880 1326 979 1359 Maria
1004 1328 1035 1357 V.

183 1472 189 1478 .
216 1447 297 1487 Ave,
324 1446 443 1479 Christi
470 1449 573 1478 mater
599 1446 705 1487 digna,
849 1450 879 1479 5.
906 1449 987 1488 Ave,
1019 1447 1108 1487 virgo
1132 1447 1244 1479 iuvans
1271 1448 1422 1479 mundum

218 1495 287 1535 Pia,
314 1495 400 1526 mitis
425 1499 457 1526 et
482 1495 629 1535 benigna,

218 1546 298 1585 Ave,
325 1543 445 1576 Christi
471 1552 590 1583 sponsa.
616 1551 701 1576 cara,

216 1591 253 1623 In
278 1592 431 1623 virtutum
458 1591 523 1622 vite
548 1591 645 1622 clara.

181 1734 187 1740 .
214 1708 294 1748 Ave,
321 1707 442 1740 Christi
466 1716 586 1748 parens
611 1707 706 1741 alma,

217 1755 254 1788 In
281 1755 428 1795 supernis
454 1759 568 1796 patens
595 1755 712 1794 palma,

214 1804 294 1841 Ave.
324 1803 445 1837 Christi
471 1808 584 1842 mater,
613 1804 696 1833 dicta

213 1851 318 1894 Super
343 1861 452 1885 omnes
479 1851 658 1884 benedicta.

181 1995 188 2002 .
214 1971 296 2008 Ave,
324 1969 443 2002 Christi
469 1969 644 2009 splendens
665 1967 770 2009 stella,

213 2018 338 2050 Mundo
363 2015 489 2058 fulgens
514 2017 568 2048 nix
595 2017 732 2052 novella,

212 2068 294 2106 Ave,
321 2065 442 2098 Christi
468 2065 556 2098 clara
582 2065 674 2105 cella,

213 2114 276 2147 Pro
302 2123 353 2146 me
376 2113 537 2146 Christum
564 2113 746 2153 interpella.

177 2254 186 2262 .
212 2232 294 2268 Ave,
321 2231 420 2272 virge,
448 2230 510 2262 Dei
536 2228 689 2270 templum

216 2278 382 2312 Castitatis
407 2282 440 2310 et
463 2278 657 2318 exemplum,

214 2329 296 2369 Ave,
323 2327 413 2367 virgo
439 2326 598 2359 scandens
625 2325 755 2362 caeluni,

212 2376 295 2410 Inde
320 2375 426 2408 lumen
453 2375 534 2408 dans
559 2382 717 2407 serenum.

845 1969 875 2000 7.

908 1496 1115 1527 corruentem
1143 1495 1175 1527 in
1201 1494 1406 1535 profundum,

907 1544 987 1584 Ave,
1016 1542 1115 1584 virgo,
1144 1553 1224 1582 quae
1250 1543 1410 1576 infernum

909 1591 1018 1623 Vincis
1043 1595 1155 1624 tenens
1182 1593 1230 1623 ius
1257 1601 1439 1632 supernum.

908 1709 988 1745 Ave,
1017 1706 1116 1748 virgo,
1145 1716 1225 1747 quae
1252 1717 1310 1747 per
1338 1713 1445 1740 natum

907 1755 1046 1786 Mortem
1069 1756 1186 1787 sternis
1213 1760 1243 1786 et
1271 1761 1451 1796 peccatum,

906 1805 985 1840 Ave,
1015 1804 1114 1843 virgo.
1142 1804 1236 1835 morti
1264 1805 1372 1836 datum

905 1851 1008 1883 Tuum
1034 1861 1090 1883 ora
1115 1860 1172 1891 pro
1199 1861 1248 1883 me
1275 1857 1395 1888 natum,

904 1970 983 2009 Ave,
1012 1967 1151 2000 clemens
1177 1968 1378 2008 imperatrix,

904 2016 1038 2053 Tarae,
1066 2016 1146 2048 caeli
1172 2016 1378 2057 dominatrix,

903 2067 983 2098 Ave,
1013 2064 1152 2095 clemens
1179 2068 1209 2096 et
1235 2065 1373 2097 amatrix

906 2113 945 2144 Et
975 2113 1128 2144 virtutum
1155 2114 1329 2155 operatrix.

871 2254 878 2261 .
906 2230 986 2267 Ave,
1014 2229 1153 2261 clemens
1179 2229 1264 2261 vitae
1291 2230 1409 2271 datrix,

908 2277 1062 2308 vitiorum
1091 2278 1285 2317 enervatrix,

908 2327 988 2363 Ave,
1017 2325 1158 2357 clemens
1184 2326 1367 2358 miseratrix

910 2374 1126 2413 peccatorum,
1154 2383 1216 2406 non
1243 2376 1418 2414 peccatrix.
