1651 2680
683 98 944 134 —297—

526 190 592 221 273.
633 191 726 223 Salus
748 191 786 223 de
806 192 900 224 heato
921 192 1088 224 Matthaeo.

156 260 187 294 1.
214 260 360 293 Parendi
388 262 545 294 velocitas
853 266 885 298 3.
913 263 954 296 Se
979 263 1163 304 praetendit
1189 263 1341 295 humilem

214 308 416 348 Prandiique
442 310 578 349 largitas
912 311 953 343 Se
980 313 1090 344 dicens
1117 312 1310 352 culpabilem

265 356 500 390 Commendant
526 357 740 397 matthaeum,
961 361 1146 400 Ferensque
1170 361 1325 392 malorum

218 405 260 436 Et
286 404 407 444 duplex
435 406 601 438 humilitas
913 408 1024 439 Risum
1052 408 1286 442 detestabilem.

214 452 481 494 Scriptorumque
509 453 652 494 dignitas
913 456 1034 487 Reddit
1059 457 1142 487 hunc
1168 455 1362 488 laudabilem

262 500 476 541 Magnificam
502 511 584 535 eum.
959 504 1108 544 Dignitas
1135 504 1289 536 ciborum.

158 574 189 606 2.
218 573 290 606 Cito
317 572 449 605 Christo
475 574 593 617 paruit,
855 578 886 608 4.
913 575 1001 607 Mole
1028 575 1133 607 nullus
1160 576 1321 607 hominum

217 621 270 653 Ad
298 621 386 652 cuius
416 622 560 654 deseruit
912 623 1068 663 Desperet
1097 624 1328 663 peccaminum,

266 670 385 700 Vocem
411 670 607 712 theloneum,
961 671 1054 711 Quin,
1082 671 1108 701 si
1137 675 1342 702 convertatur

215 717 382 758 Largitate
408 719 516 756 nituit,
914 719 1086 750 Paenitens
1112 720 1154 750 ad
1181 719 1361 755 Dominum,

216 766 302 798 Dum
329 766 482 798 convivas
509 766 620 798 habuit
914 767 991 798 Mox
1018 767 1141 799 veniam
1169 768 1334 798 criminum

267 814 346 847 Cum
373 815 470 847 sociis
496 813 612 847 Deum.
966 815 1095 847 Plenam
1123 821 1294 848 mereatur.

509 890 541 920 5.
570 887 666 919 Cuius
692 888 908 919 testimonium

571 936 701 973 Paulus,
730 935 843 968 doctor
869 935 1022 977 gentium,

618 983 788 1023 Davidque
814 983 982 1023 psalmista

573 1032 725 1073 Probant,
754 1032 868 1071 quibus
895 1032 1016 1062 socium

570 1079 711 1111 Addidit
737 1088 771 1110 se
796 1080 926 1110 tertium

619 1128 683 1160 Hic
709 1127 916 1167 evangelista.

220 1194 290 1222 Cod.
306 1194 430 1221 Bemen.
452 1191 518 1221 414.
544 1202 619 1222 saeC.
645 1192 687 1221 13.
708 1192 785 1225 (add.
808 1203 883 1221 saec.
909 1191 971 1225 l3.).
995 1208 1031 1211 —-
1052 1192 1077 1223 2,
1100 1192 1117 1217 3
1133 1193 1317 1221 tlieronenni:
1340 1193 1467 1220 ‹lariiber

141 1233 186 1260 als
213 1233 332 1261 Glosse:
358 1233 595 1264 (s)cambium.
624 1247 660 1250 —
689 1231 719 1263 3,
749 1230 767 1259 3
795 1233 918 1261 Herens,
947 1232 1106 1267 korrigiert
1137 1233 1181 1258 in:
1212 1233 1318 1258 Fui-ens
1347 1233 1399 1258 mit
1419 1232 1470 1258 der

141 1272 260 1300 Glosse:
285 1272 495 1300 Sustinens.
517 1285 553 1289 —
575 1270 601 1304 5,
624 1270 641 1297 6
664 1272 728 1298 Hus
751 1271 941 1307 evangelista.

565 1384 632 1415 274.
676 1385 716 1415 De
739 1385 847 1415 saneto
869 1383 1038 1415 Matthaei).

159 1457 185 1489 1.
215 1455 362 1487 Pretiose
388 1455 539 1486 virtutum
566 1454 634 1490 flos,
852 1457 883 1488 3.
911 1454 936 1486 Ο
962 1455 1015 1494 pie
1042 1454 1249 1493 evangelista,

214 1503 394 1545 Matthaee‚
423 1511 507 1535 nunc
532 1504 659 1543 respice
684 1512 752 1542 nos,
909 1504 1035 1541 Quanta
1062 1501 1181 1533 fulsisti
1207 1503 1239 1533 in
1266 1502 1328 1533 ista

260 1551 320 1593 Qui
347 1553 509 1584 mundana
535 1551 712 1591 reliquisti3
958 1551 1051 1582 Valle
1077 1550 1160 1581 vitae
1188 1550 1369 1587 sanctitate,

215 1600 285 1632 Rex
312 1600 461 1632 caelestis
488 1605 519 1631 te
545 1601 674 1632 vocavit
910 1599 1039 1632 Pellens
1066 1598 1162 1630 ritum
1189 1598 1408 1638 profanorum,

213 1649 257 1680 Et
282 1653 315 1681 te
341 1648 403 1679 sibi
430 1649 566 1680 sociavit
911 1647 1032 1679 Gentes
1059 1647 1101 1678 ad
1129 1656 1259 1687 regnum
1287 1647 1447 1678 caelorum

262 1697 342 1730 Mox
368 1697 398 1728 ei
423 1696 614 1729 adhaesisti.
960 1696 1159 1729 Convertens
1186 1696 1217 1726 in
1244 1694 1397 1727 veritate!

157 1767 189 1798 2.
217 1765 312 1798 Orbis
340 1768 432 1796 taxas
458 1763 629 1805 reliquisti,
853 1766 886 1796 4.
913 1762 1116 1795 Infirmorum
1144 1766 1177 1793 tu
1203 1764 1356 1800 solamen,

214 1813 306 1854 Quod
332 1822 352 1844 a
377 1813 508 1846 Christo
535 1812 682 1844 didicisti
914 1812 976 1843 Pro
1002 1811 1065 1842 fide
1093 1811 1213 1842 Christi
1240 1814 1401 1841 certamen

262 1862 398 1894 Beatum
425 1860 648 1900 evangelium3
960 1860 1068 1890 Adisti
1097 1859 1170 1889 (lum
1198 1858 1444 1900 sanctissimum,

215 1910 310 1944 Cultu
336 1910 514 1950 Aethiopes
540 1918 637 1941 verae
913 1907 1024 1938 Victor
1050 1906 1179 1938 effectus
1205 1907 1344 1947 tyranni,

215 1959 311 1992 Fidei
337 1962 434 1998 atque
460 1959 605 1990 sincerae
912 1955 965 1987 Ad
993 1964 1102 1987 cenam
1131 1961 1260 1986 vocatus
1287 1955 1370 1994 agni,

261 2007 378 2040 Trahis
397 2015 515 2039 ornans
533 2006 575 2038 ad
594 2006 777 2038 Dominum.
959 2004 1103 2044 Regnum
1127 2004 1250 2035 intrans
1271 2003 1472 2034 altissimum.

461 2077 494 2108 5.
521 2073 668 2114 Superno
695 2072 838 2112 gaudens
867 2072 906 2104 de
932 2071 1060 2111 throno,

520 2121 602 2153 Fine
628 2124 836 2153 conservatos
862 2120 946 2152 bono

569 2169 696 2202 Perduc
721 2178 780 2200 nos
806 2168 849 2201 ad
876 2167 1038 2200 caelestia.

519 2219 597 2258 Fac,
624 2221 659 2249 ut
682 2216 741 2249 tibi
768 2217 978 2250 collaetemur

524 2266 715 2306 Pariterque
740 2265 953 2297 iucundemur

570 2314 634 2346 Per
659 2313 860 2346 saeculorum
888 2312 1026 2344 saecula.

219 2384 301 2411 Orat.
328 2390 382 2408 ms.
410 2382 541 2410 incertae
563 2381 637 2416 orig.
667 2387 743 2408 saec.
772 2377 816 2407 15.
863 2378 934 2408 Cod.
956 2378 1081 2414 Pragen.
1104 2379 1177 2406 xm
1201 2380 1228 2406 H
1250 2378 1269 2406 3
1290 2388 1316 2406 a.
1338 2395 1374 2398 —
1398 2377 1427 2411 1,
1460 2375 1473 2404 l

138 2423 307 2451 Pretiosurn
328 2420 390 2448 flos.
413 2435 450 2439 —
473 2418 501 2453 3,
523 2417 541 2446 3
562 2420 634 2446 vita.
656 2434 691 2438 —
713 2416 740 2451 5,
760 2416 778 2445 5
801 2417 1062 2447 coniucundemur.
