1651 2680
695 110 954 147 —371—

196 224 206 234 .
231 200 468 234 Monachorum
495 204 632 244 quilibet

281 249 354 282 Non
379 251 505 290 quaerit
529 253 591 283 nisi
617 261 720 296 suum,

233 295 330 336 Serit,
358 301 472 338 regnat
497 298 634 332 ubilibet

278 344 388 376 Meum
410 349 506 385 atque
533 350 639 386 tuum3

194 444 202 452 .
229 419 302 452 Duo
329 421 408 453 haec
434 424 623 461 pronomina

275 467 434 501 Scindunt
458 471 625 504 unitatem.

229 515 295 548 Per
319 517 383 549 tn'a
408 521 463 549 tua
490 520 618 552 nomina

275 564 367 596 Tolle
393 566 567 598 vanitatem

193 662 201 670 .
227 641 332 682 Hanc,
360 642 447 674 Deus
473 643 626 685 piissime,

277 690 341 722 Per
366 694 452 722 tuam
479 692 680 724 maiestatem

227 738 338 780 Parce,
369 739 626 777 clementissime,

275 785 318 817 Et
345 786 448 818 redde
475 788 653 820 caritatem.

189 888 197 895 .
225 862 308 894 Nam
335 867 437 895 status
463 865 683 897 claustralium

271 910 413 943 Nimium
441 912 593 956 declinat,

220 959 363 991 Tuorum
390 960 578 992 animalium

269 1007 372 1039 Nemo
398 1017 526 1049 gregem
555 1010 665 1043 minat.

184 1185 191 1193 .
217 1160 243 1192 Ο
269 1161 297 1192 si
324 1169 395 1193 cum
420 1161 551 1194 licentia

266 1209 398 1241 Possem
426 1219 592 1252 enarrare,

219 1257 316 1289 Salva
341 1259 523 1290 reverentia

268 1306 391 1338 Vellem
419 1307 575 1340 revelare.

184 1407 192 1415 .
220 1383 382 1423 Quaedam
410 1388 543 1416 currunt
570 1383 718 1426 feminae,

266 1431 427 1464 Personae
451 1432 650 1475 claustrales,

215 1479 405 1512 venenosae
431 1480 552 1512 semine

263 1527 430 1560 Seminant
454 1537 489 1560 se
515 1529 607 1562 tales.

175 1629 183 1637 .
211 1605 378 1644 Quondam
390 1609 481 1637 erant
493 1615 631 1645 sponsae
640 1605 771 1649 Christi,

262 1653 356 1685 Nunc
383 1655 547 1685 daemonis
574 1663 700 1695 uxores,

211 1702 248 1733 In
274 1701 395 1734 abditis
423 1701 581 1734 deberent
603 1702 685 1743 sisti,

261 1749 325 1782 Sed
353 1759 452 1782 vanos
479 1755 596 1791 gerunt
621 1759 738 1784 mores,

176 1852 183 1859 .
212 1828 370 1860 Revelata
396 1826 479 1859 facie

258 1876 339 1908 Vela
365 1877 574 1916 deponentes,

211 1925 249 1956 In
273 1925 442 1957 turbarum
468 1925 538 1957 acie

257 1973 412 2006 Ementes
437 1978 469 2004 et
495 1973 683 2015 vendentes,

173 2077 180 2084 .
209 2051 351 2091 Serpunt
380 2050 534 2083 veneficio

255 2098 413 2131 Habitum
438 2104 600 2131 mutantes

208 2148 252 2180 Et
278 2156 376 2188 saepe
402 2156 460 2179 suo
487 2148 565 2180 vitio

258 2195 366 2228 Frena
392 2199 467 2228 sunt
490 2196 651 2228 laxantes.

170 2300 178 2307 .
205 2273 279 2305 Non
306 2277 380 2304 sunt
406 2272 488 2304 istae
517 2272 692 2305 monachae

254 2320 368 2362 Neque
392 2321 558 2362 moniales,

203 2367 271 2402 Sed
296 2378 356 2401 nec
379 2373 454 2402 sunt
479 2370 664 2408 canonicae,

255 2418 320 2452 Sed
346 2420 422 2450 sunt
447 2418 598 2451 curiales.

891 210 921 244 7.

860 869 914 900 10.

846 1830 900 1863 10.

845 2051 899 2085 11.

844 2272 899 2306 12.

950 210 1089 244 Currunt
1115 222 1197 244 nunc
1222 214 1254 245 in
1281 213 1374 245 biviis

998 261 1040 293 Ut
1068 268 1143 292 oves
1169 266 1325 301 errantes,

948 306 1059 339 Deviis
1084 312 1116 338 et
1140 309 1255 348 triviis,

995 355 1163 387 Neminem
1190 360 1347 389 curantes.

911 454 918 461 .
946 427 1067 463 Terrae
1091 432 1184 463 villas
1208 433 1338 464 visitant

992 479 1060 510 Nec
1086 488 1148 510 non
1175 481 1329 522 civitateS,

945 526 1060 558 Parum
1087 526 1156 558 Deo
1183 529 1321 560 militant

992 574 1130 614 Propter
1156 577 1324 614 vanitate-5,

914 676 919 681 .
946 649 1055 681 Mores
1081 651 1302 689 saecularium,

993 698 1113 736 Quibus
1138 698 1355 738 implicantur,

943 745 1061 777 Rerum
1088 748 1322 786 temporalium.

991 794 1075 831 Quas
1101 794 1148 824 illi
1176 795 1348 826 imitantur.

941 870 1039 909 Quem
1067 870 1236 902 credebam
1263 871 1461 913 monachum,

989 918 1091 949 Deum
1118 922 1259 951 ventrem
1287 919 1380 950 habet

940 966 980 997 Et
1008 967 1080 1005 plus
1108 971 1198 997 curat
1224 967 1419 998 stomachum

988 1014 1085 1052 Quam
1105 1014 1265 1053 spiritum,
1293 1024 1353 1053 quo
1371 1016 1473 1048 tabet.

905 1190 910 1195 .
940 1166 1089 1205 Virgines
1115 1167 1267 1206 yconicae

987 1214 1040 1246 Sic
1067 1214 1216 1246 dicuntur
1242 1216 1334 1254 tales,

937 1261 998 1293 Sed
1028 1266 1101 1294 sunt
1127 1263 1351 1294 daemoniacae

988 1311 1044 1341 Vel
1073 1310 1298 1342 daemoniales.

935 1387 1153 1428 Comprimunt
1182 1388 1367 1427 pectuscula

984 1461 1410 1470 --------

983 1531 1128 1563 Lascivis
1155 1536 1185 1565 et
1212 1533 1350 1569 tenellis,

931 1609 1015 1648 Quos
1041 1609 1171 1641 trahunt
1199 1610 1360 1641 subtiliter

980 1657 1076 1689 Suum
1103 1658 1135 1688 in
1162 1667 1313 1690 amorem.

929 1705 1050 1744 Quibus
1077 1706 1179 1745 captis
1210 1706 1357 1747 nequiter

980 1753 1130 1794 Infligunt
1158 1754 1311 1786 dolorem.

929 1829 1001 1862 Suis
1028 1831 1226 1863 amatoribus

976 1879 1139 1910 Venenum
1171 1879 1248 1910 dant
1274 1888 1333 1919 pro
1359 1879 1466 1922 melle,

927 1926 1132 1958 Rhethon'cis
1159 1927 1319 1959 coloribus

975 1976 1111 2007 Acetum
1139 1975 1215 2006 dant
1243 1985 1311 2007 cum
1339 1973 1423 2006 felle,

927 2051 1123 2084 Discurrunt
1148 2062 1227 2093 prae
1255 2052 1388 2092 foribus,

975 2099 1028 2132 Sic
1054 2100 1188 2139 implent
1214 2110 1303 2132 suum
1330 2102 1426 2141 velle,

927 2147 1033 2179 Falsis
1061 2157 1128 2179 cum
1158 2149 1310 2181 odoribus

975 2195 1140 2236 Tegantur
1165 2198 1239 2237 agni
1265 2197 1360 2237 pelle.

926 2273 997 2305 Hae
1023 2274 1152 2305 student
1180 2275 1340 2317 Ovidium,

973 2322 1073 2354 Plane
1100 2322 1279 2362 platearum

923 2369 1014 2401 Felle
1041 2370 1229 2403 stilicidium

972 2418 1017 2450 Et
1042 2418 1115 2451 faex
1142 2418 1342 2453 feminarum.

1225 2475 1287 2505 24*
