1651 2680
705 86 941 122 ..75—

506 183 562 216 12.
589 182 615 216 O
641 192 736 224 quam
761 183 876 227 laetus,

638 240 709 263 cum
734 234 767 263 te
791 231 958 272 invenero,

590 278 634 310 Et
657 288 751 319 quam
777 277 868 320 felix,

640 335 711 359 cum
737 329 770 358 te
796 331 929 360 tenuero

687 375 725 407 In
752 375 882 408 caelesti
907 375 1031 416 patria;

591 421 681 454 Tunc
706 423 872 462 amplexus

639 470 729 508 casti,
756 473 832 502 tunc
857 471 965 503 oscula

590 517 695 550 Erunt
719 518 797 549 mihi

640 566 679 597 de
706 569 737 597 te
760 574 819 606 per
844 566 972 598 saecula

685 614 884 646 saeculorum
912 613 1026 646 dulcia.

234 716 315 743 Orat.
341 723 393 742 ms.
422 715 585 751 Campense
615 717 684 743 anni
714 714 797 743 1462.
826 715 896 743 Cod.
924 716 1141 743 Darmstadien.
1168 712 1232 742 521.
1261 728 1299 733 —
1330 713 1359 746 1,
1390 712 1407 740 2
1436 713 1483 740 ad-

156 754 302 781 mirabile.
323 768 360 772 -
381 751 416 786 3,
447 752 464 780 2
485 753 539 780 hos
560 753 641 781 fehlt.
663 770 699 773 —
721 753 747 787 5,
769 752 787 781 2
808 758 938 782 nostram
959 757 1090 781 mortem.
1112 768 1148 772 —
1170 751 1196 785 6,
1218 751 1236 779 2
1256 756 1323 780 tuae
1344 753 1426 780 fehlt.
1448 765 1484 770 —

157 790 184 825 7,
205 790 223 820 9
245 795 334 828 atque
354 794 483 820 numine.
505 808 542 812 —
563 790 590 825 9,
611 790 628 819 2
651 794 717 820 Iesu
738 792 820 820 fehlt.
840 808 876 813 ——
900 791 943 825 12,
969 790 1003 819 10
1025 793 1207 819 saeculorum
1228 790 1309 819 fehlt.

634 982 675 1012 51.
719 982 760 1012 De
780 981 905 1012 Nomine
926 981 1004 1012 lesu.

722 1051 914 1079 introductio.

172 1168 203 1201 l.
230 1167 273 1201 Ut
302 1167 342 1199 de
369 1167 441 1199 Iesu
467 1167 594 1199 nomine
863 1169 895 1200 4.
924 1167 1008 1205 Dux,
1036 1166 1102 1206 lux,
1130 1175 1196 1207 rex,
1224 1166 1275 1197 lex
1302 1166 1467 1197 machinae

281 1215 376 1255 digne
402 1215 465 1247 fari
490 1224 615 1255 queam,
970 1219 1100 1255 praeest
1126 1216 1213 1246 Iesus
1239 1214 1351 1248 trinae.

230 1263 353 1296 Nomen
381 1266 666 1302 tetragrammaton
922 1262 974 1294 Ab
1004 1266 1134 1294 aeterno
1162 1262 1313 1301 nascitur,

276 1312 417 1352 linguam
443 1312 534 1343 limet
559 1320 672 1351 meam⁷
970 1315 1077 1341 manet
1103 1311 1171 1341 sine
1198 1310 1270 1350 fine,

229 1359 352 1400 Seraph
376 1368 452 1392 arae
479 1359 601 1391 calculo
922 1359 1019 1392 Cuius
1047 1359 1150 1390 dulcis
1177 1359 1312 1389 nominis

276 1411 387 1447 tangat
412 1417 553 1450 purgans
579 1415 677 1448 ream,
830 1419 833 1422 ⁴
969 1406 1113 1447 syllabae
1140 1410 1213 1438 sunt
1241 1406 1344 1448 binae,

229 1455 279 1488 Ne
304 1456 351 1487 sic
376 1456 529 1488 scandam
555 1455 668 1494 ardua,
922 1454 985 1486 Sed
1012 1455 1044 1485 in
1071 1455 1154 1486 binis
1180 1454 1313 1493 syllabis

275 1503 361 1544 quod
386 1504 419 1536 in
445 1512 602 1544 praeceps
628 1512 709 1535 eam.
970 1503 1082 1534 literae
1108 1507 1182 1534 sunt
1208 1503 1332 1542 quinae.

169 1612 202 1644 2.
229 1611 329 1649 Iesum,
356 1619 471 1642 nomen
498 1608 666 1650 fulgidum.
863 1611 896 1642 5.
924 1609 992 1640 Nec
1018 1614 1134 1648 pentas
1161 1610 1314 1649 mysterio

275 1658 349 1699 plus
372 1659 440 1690 sole
468 1657 627 1695 clarescit,
971 1660 1073 1695 vacat,
1100 1657 1157 1689 sed
1184 1666 1242 1688 nec
1268 1658 1347 1689 trias

226 1708 317 1740 Iesus
344 1707 429 1738 omni
455 1706 600 1738 balsamo
924 1704 994 1745 His,
1021 1706 1074 1744 qui
1103 1706 1142 1737 de
1167 1704 1319 1737 mellifluo

272 1754 346 1795 plus
371 1755 470 1786 menti
497 1753 678 1796 fragrescit,
971 1756 1092 1785 mentes
1119 1758 1231 1794 gerunt
1257 1755 1336 1793 pias,

227 1803 328 1843 Iesus,
357 1802 470 1834 dulcor
495 1802 640 1840 melleus,
921 1801 1006 1841 Quas
1032 1804 1067 1832 ut
1095 1806 1223 1841 tangam
1249 1801 1392 1833 breviter

276 1851 349 1891 plus
375 1851 470 1882 melle
498 1850 663 1893 dulcescit,
971 1853 1076 1881 rectas
1103 1854 1214 1881 tenens
1240 1850 1321 1888 vias,

226 1900 327 1937 Iesus,
354 1900 454 1931 melos
481 1898 646 1937 melicum,
923 1897 996 1939 Cor,
1024 1897 1165 1938 linguam
1192 1901 1223 1929 et
1250 1899 1405 1930 calamum

274 1948 346 1989 plus
372 1947 435 1979 lira
460 1946 637 1980 mulcescit.
971 1945 1089 1985 dirigat
1116 1946 1262 1977 Messias

166 2055 198 2088 3.
225 2055 316 2087 Iesus
341 2052 592 2085 iucundissimus
865 2053 897 2084 6.
924 2050 1024 2083 Omne
1051 2054 1099 2082 est
1126 2050 1337 2090 dissyllabum

274 2101 426 2141 amplexu
451 2099 596 2139 mentali,
969 2098 1098 2138 signans
1127 2099 1302 2138 caritatem,

228 2150 319 2183 Iesus
346 2159 401 2182 cor
427 2148 587 2181 exhilarat
922 2146 1000 2179 Cum
1027 2147 1172 2187 signetur
1199 2148 1317 2180 caritas

273 2197 374 2230 iubilo
399 2197 501 2236 vitali,
970 2203 1028 2234 per
1055 2195 1252 2234 dualitatem,

226 2247 317 2280 Iesus
344 2246 410 2278 dux
437 2244 636 2277 rectissimus
922 2242 1018 2275 Cuius
1044 2252 1155 2274 monas
1181 2244 1275 2275 unica

275 2294 352 2326 moli
378 2292 552 2335 corporali,
971 2291 1100 2332 stringit
1124 2291 1286 2334 deitatem,

227 2345 318 2377 Iesus
343 2343 399 2375 lux
426 2339 632 2384 praefulgida
926 2339 1039 2371 Altera
1065 2339 1248 2372 deflectitur

272 2390 372 2424 menti
399 2388 552 2432 spiritali.
972 2387 1015 2420 ad
1040 2386 1281 2421 humanitatem.
