<?xml version="1.0" encoding="UTF-8"?>
<!DOCTYPE html PUBLIC "-//W3C//DTD XHTML 1.0 Transitional//EN"
    "http://www.w3.org/TR/xhtml1/DTD/xhtml1-transitional.dtd">
<html xmlns="http://www.w3.org/1999/xhtml" xml:lang="en" lang="en">
 <head>
  <title>
</title>
<meta http-equiv="Content-Type" content="text/html;charset=utf-8" />
  <meta name='ocr-system' content='tesseract 3.04.00' />
  <meta name='ocr-capabilities' content='ocr_page ocr_carea ocr_par ocr_line ocrx_word'/>
</head>
<body>
  <div class='ocr_page' id='page_1' title='image "./analectahymnica46drevuoft/analectahymnica46drevuoft_0036.png"; bbox 0 0 1651 2680; ppageno 0'>
   <div class='ocr_carea' id='block_1_1' title="bbox 666 99 901 135">
    <p class='ocr_par' dir='ltr' id='par_1_1' title="bbox 666 99 901 135">
     <span class='ocr_line' id='line_1_1' title="bbox 666 99 901 135; baseline 0.004 -11"><span class='ocrx_word' id='word_1_1' title='bbox 666 99 901 135; x_wconf 78' lang='grc'><strong>..33-</strong></span> 
     </span>
    </p>
   </div>
   <div class='ocr_carea' id='block_1_2' title="bbox 566 211 1004 254">
    <p class='ocr_par' dir='ltr' id='par_1_2' title="bbox 566 211 1004 254">
     <span class='ocr_line' id='line_1_2' title="bbox 566 211 1004 254; baseline 0 -12"><span class='ocrx_word' id='word_1_2' title='bbox 566 211 616 243; x_wconf 80' lang='lat'>24.</span> <span class='ocrx_word' id='word_1_3' title='bbox 647 212 749 254; x_wconf 75' lang='lat' dir='ltr'>Super</span> <span class='ocrx_word' id='word_1_4' title='bbox 770 212 866 244; x_wconf 78' lang='lat' dir='ltr'>Pater</span> <span class='ocrx_word' id='word_1_5' title='bbox 885 212 1004 244; x_wconf 78' lang='lat' dir='ltr'><strong>Noster.</strong></span> 
     </span>
    </p>
   </div>
   <div class='ocr_carea' id='block_1_3' title="bbox 157 300 611 676">
    <p class='ocr_par' dir='ltr' id='par_1_3' title="bbox 157 300 598 630">
     <span class='ocr_line' id='line_1_3' title="bbox 157 300 578 340; baseline -0.002 -5"><span class='ocrx_word' id='word_1_6' title='bbox 157 326 168 335; x_wconf 90' lang='lat'><strong>.</strong></span> <span class='ocrx_word' id='word_1_7' title='bbox 191 300 304 340; x_wconf 78' lang='lat' dir='ltr'>Pater,</span> <span class='ocrx_word' id='word_1_8' title='bbox 331 301 384 340; x_wconf 90' lang='lat' dir='ltr'>qui</span> <span class='ocrx_word' id='word_1_9' title='bbox 412 301 452 332; x_wconf 88' lang='lat' dir='ltr'>de</span> <span class='ocrx_word' id='word_1_10' title='bbox 477 301 578 334; x_wconf 82' lang='lat' dir='ltr'>nihilo</span> 
     </span>
     <span class='ocr_line' id='line_1_4' title="bbox 242 348 523 391; baseline 0 -11"><span class='ocrx_word' id='word_1_11' title='bbox 242 348 370 380; x_wconf 87' lang='lat' dir='ltr'>saecula</span> <span class='ocrx_word' id='word_1_12' title='bbox 395 349 523 391; x_wconf 81' lang='lat' dir='ltr'>creasti,</span> 
     </span>
     <span class='ocr_line' id='line_1_5' title="bbox 193 396 598 430; baseline -0.002 0"><span class='ocrx_word' id='word_1_13' title='bbox 193 396 328 430; x_wconf 78' lang='lat' dir='ltr'>Mittens</span> <span class='ocrx_word' id='word_1_14' title='bbox 354 397 473 428; x_wconf 89' lang='lat' dir='ltr'>mundo</span> <span class='ocrx_word' id='word_1_15' title='bbox 500 396 598 429; x_wconf 88' lang='lat' dir='ltr'>filium</span> 
     </span>
     <span class='ocr_line' id='line_1_6' title="bbox 239 445 532 485; baseline 0 -10"><span class='ocrx_word' id='word_1_16' title='bbox 239 453 298 476; x_wconf 90' lang='lat' dir='ltr'>nos</span> <span class='ocrx_word' id='word_1_17' title='bbox 323 445 532 485; x_wconf 73' lang='lat' dir='ltr'>recuperasti,</span> 
     </span>
     <span class='ocr_line' id='line_1_7' title="bbox 190 492 555 525; baseline -0.003 0"><span class='ocrx_word' id='word_1_18' title='bbox 190 492 329 525; x_wconf 87' lang='lat' dir='ltr'><strong>Mortuis</strong></span> <span class='ocrx_word' id='word_1_19' title='bbox 354 500 393 523; x_wconf 87' lang='lat' dir='ltr'>ex</span> <span class='ocrx_word' id='word_1_20' title='bbox 421 492 555 524; x_wconf 89' lang='lat' dir='ltr'>crimine</span> 
     </span>
     <span class='ocr_line' id='line_1_8' title="bbox 239 540 582 581; baseline 0.003 -10"><span class='ocrx_word' id='word_1_21' title='bbox 239 540 338 572; x_wconf 81' lang='lat' dir='ltr'>vitam</span> <span class='ocrx_word' id='word_1_22' title='bbox 364 542 582 581; x_wconf 67' lang='lat' dir='ltr'>praeparasti,</span> 
     </span>
     <span class='ocr_line' id='line_1_9' title="bbox 191 588 578 630; baseline -0.005 -9"><span class='ocrx_word' id='word_1_23' title='bbox 191 590 296 622; x_wconf 83' lang='lat' dir='ltr'>Parce</span> <span class='ocrx_word' id='word_1_24' title='bbox 322 588 416 620; x_wconf 89' lang='lat' dir='ltr'>nobis</span> <span class='ocrx_word' id='word_1_25' title='bbox 442 589 578 630; x_wconf 83' lang='lat' dir='ltr'>miseris,</span> 
     </span>
    </p>

    <p class='ocr_par' dir='ltr' id='par_1_4' title="bbox 237 636 611 676">
     <span class='ocr_line' id='line_1_10' title="bbox 237 636 611 676; baseline 0.003 -9"><span class='ocrx_word' id='word_1_26' title='bbox 237 645 317 676; x_wconf 88' lang='lat' dir='ltr'>quos</span> <span class='ocrx_word' id='word_1_27' title='bbox 342 636 442 676; x_wconf 87' lang='lat' dir='ltr'>gratis</span> <span class='ocrx_word' id='word_1_28' title='bbox 469 637 611 668; x_wconf 86' lang='lat' dir='ltr'>salvasti.</span> 
     </span>
    </p>
   </div>
   <div class='ocr_carea' id='block_1_4' title="bbox 154 739 671 1116">
    <p class='ocr_par' dir='ltr' id='par_1_5' title="bbox 154 739 638 785">
     <span class='ocr_line' id='line_1_11' title="bbox 154 739 638 785; baseline -0.004 -11"><span class='ocrx_word' id='word_1_29' title='bbox 154 766 162 774; x_wconf 93' lang='lat'><strong>.</strong></span> <span class='ocrx_word' id='word_1_30' title='bbox 189 741 308 774; x_wconf 81' lang='lat' dir='ltr'><em>Noster</em></span> <span class='ocrx_word' id='word_1_31' title='bbox 333 741 364 772; x_wconf 89' lang='lat' dir='ltr'>in</span> <span class='ocrx_word' id='word_1_32' title='bbox 391 742 538 773; x_wconf 88' lang='lat' dir='ltr'>adversis</span> <span class='ocrx_word' id='word_1_33' title='bbox 566 739 638 785; x_wconf 86' lang='lat' dir='ltr'>[sis]</span> 
     </span>
    </p>

    <p class='ocr_par' dir='ltr' id='par_1_6' title="bbox 238 789 556 831">
     <span class='ocr_line' id='line_1_12' title="bbox 238 789 556 831; baseline 0.003 -11"><span class='ocrx_word' id='word_1_34' title='bbox 238 799 333 821; x_wconf 86' lang='lat' dir='ltr'>mane</span> <span class='ocrx_word' id='word_1_35' title='bbox 361 789 556 831; x_wconf 80' lang='lat' dir='ltr'>defensator,</span> 
     </span>
    </p>

    <p class='ocr_par' dir='ltr' id='par_1_7' title="bbox 189 836 654 925">
     <span class='ocr_line' id='line_1_13' title="bbox 189 836 654 878; baseline 0 -9"><span class='ocrx_word' id='word_1_36' title='bbox 189 839 307 870; x_wconf 86' lang='lat' dir='ltr'>Rerum</span> <span class='ocrx_word' id='word_1_37' title='bbox 334 836 470 877; x_wconf 86' lang='lat' dir='ltr'>benigne</span> <span class='ocrx_word' id='word_1_38' title='bbox 497 838 654 878; x_wconf 83' lang='lat' dir='ltr'>conditor,</span> 
     </span>
     <span class='ocr_line' id='line_1_14' title="bbox 236 885 571 925; baseline 0.003 -9"><span class='ocrx_word' id='word_1_39' title='bbox 236 885 339 917; x_wconf 85' lang='lat' dir='ltr'>dulcis</span> <span class='ocrx_word' id='word_1_40' title='bbox 366 885 571 925; x_wconf 82' lang='lat' dir='ltr'>gubernator,</span> 
     </span>
    </p>

    <p class='ocr_par' dir='ltr' id='par_1_8' title="bbox 189 933 536 1023">
     <span class='ocr_line' id='line_1_15' title="bbox 189 933 536 966; baseline -0.003 -1"><span class='ocrx_word' id='word_1_41' title='bbox 189 934 270 965; x_wconf 84' lang='lat' dir='ltr'>Vero</span> <span class='ocrx_word' id='word_1_42' title='bbox 297 937 384 965; x_wconf 83' lang='lat' dir='ltr'>certe</span> <span class='ocrx_word' id='word_1_43' title='bbox 410 933 536 966; x_wconf 89' lang='lat' dir='ltr'>nomine</span> 
     </span>
     <span class='ocr_line' id='line_1_16' title="bbox 235 982 531 1023; baseline 0 -11"><span class='ocrx_word' id='word_1_44' title='bbox 235 982 354 1013; x_wconf 91' lang='lat' dir='ltr'>diceris</span> <span class='ocrx_word' id='word_1_45' title='bbox 381 983 531 1023; x_wconf 73' lang='lat' dir='ltr'>salvator,</span> 
     </span>
    </p>

    <p class='ocr_par' dir='ltr' id='par_1_9' title="bbox 186 1029 671 1116">
     <span class='ocr_line' id='line_1_17' title="bbox 186 1029 671 1070; baseline 0 -9"><span class='ocrx_word' id='word_1_46' title='bbox 186 1030 342 1062; x_wconf 78' lang='lat' dir='ltr'>Fundens</span> <span class='ocrx_word' id='word_1_47' title='bbox 365 1038 461 1061; x_wconf 81' lang='lat' dir='ltr'>eruce</span> <span class='ocrx_word' id='word_1_48' title='bbox 486 1029 671 1070; x_wconf 77' lang='lat' dir='ltr'>sauguinem</span> 
     </span>
     <span class='ocr_line' id='line_1_18' title="bbox 234 1076 590 1116; baseline 0.006 -8"><span class='ocrx_word' id='word_1_49' title='bbox 234 1076 339 1109; x_wconf 88' lang='lat' dir='ltr'>factus</span> <span class='ocrx_word' id='word_1_50' title='bbox 366 1077 590 1116; x_wconf 86' lang='lat' dir='ltr'>triumphator.</span> 
     </span>
    </p>
   </div>
   <div class='ocr_carea' id='block_1_5' title="bbox 150 1182 641 1558">
    <p class='ocr_par' dir='ltr' id='par_1_10' title="bbox 150 1182 596 1224">
     <span class='ocr_line' id='line_1_19' title="bbox 150 1182 596 1224; baseline 0 -11"><span class='ocrx_word' id='word_1_51' title='bbox 150 1209 158 1216; x_wconf 85' lang='lat'><strong><em>.</em></strong></span> <span class='ocrx_word' id='word_1_52' title='bbox 186 1182 249 1224; x_wconf 79' lang='lat' dir='ltr'>Qui</span> <span class='ocrx_word' id='word_1_53' title='bbox 276 1183 441 1214; x_wconf 86' lang='lat' dir='ltr'>concludis</span> <span class='ocrx_word' id='word_1_54' title='bbox 467 1183 596 1215; x_wconf 81' lang='lat' dir='ltr'>semitas</span> 
     </span>
    </p>

    <p class='ocr_par' dir='ltr' id='par_1_11' title="bbox 231 1231 588 1270">
     <span class='ocr_line' id='line_1_20' title="bbox 231 1231 588 1270; baseline 0.003 -9"><span class='ocrx_word' id='word_1_55' title='bbox 231 1234 346 1263; x_wconf 85' lang='lat' dir='ltr'>cuncta</span> <span class='ocrx_word' id='word_1_56' title='bbox 369 1231 588 1270; x_wconf 75' lang='lat' dir='ltr'>gubernando,</span> 
     </span>
    </p>

    <p class='ocr_par' dir='ltr' id='par_1_12' title="bbox 179 1278 547 1362">
     <span class='ocr_line' id='line_1_21' title="bbox 179 1278 535 1311; baseline -0.003 0"><span class='ocrx_word' id='word_1_57' title='bbox 179 1279 218 1311; x_wconf 90' lang='lat' dir='ltr'>In</span> <span class='ocrx_word' id='word_1_58' title='bbox 243 1282 276 1309; x_wconf 85' lang='lat' dir='ltr'>te</span> <span class='ocrx_word' id='word_1_59' title='bbox 301 1278 535 1311; x_wconf 80' lang='lat' dir='ltr'>confidentibus</span> 
     </span>
     <span class='ocr_line' id='line_1_22' title="bbox 233 1327 547 1362; baseline 0.003 -5"><span class='ocrx_word' id='word_1_60' title='bbox 233 1327 358 1358; x_wconf 90' lang='lat' dir='ltr'>veniam</span> <span class='ocrx_word' id='word_1_61' title='bbox 386 1327 547 1362; x_wconf 80' lang='lat' dir='ltr'>donando,</span> 
     </span>
    </p>

    <p class='ocr_par' dir='ltr' id='par_1_13' title="bbox 186 1374 641 1463">
     <span class='ocr_line' id='line_1_23' title="bbox 186 1374 641 1414; baseline 0 -9"><span class='ocrx_word' id='word_1_62' title='bbox 186 1374 298 1406; x_wconf 87' lang='lat' dir='ltr'>Flecte</span> <span class='ocrx_word' id='word_1_63' title='bbox 324 1376 423 1407; x_wconf 85' lang='lat' dir='ltr'>corda</span> <span class='ocrx_word' id='word_1_64' title='bbox 449 1376 641 1414; x_wconf 87' lang='lat' dir='ltr'>supplicum,</span> 
     </span>
     <span class='ocr_line' id='line_1_24' title="bbox 230 1423 568 1463; baseline 0.006 -10"><span class='ocrx_word' id='word_1_65' title='bbox 230 1426 265 1453; x_wconf 90' lang='lat' dir='ltr'>nt</span> <span class='ocrx_word' id='word_1_66' title='bbox 291 1423 322 1455; x_wconf 90' lang='lat' dir='ltr'>in</span> <span class='ocrx_word' id='word_1_67' title='bbox 350 1426 381 1454; x_wconf 90' lang='lat' dir='ltr'>te</span> <span class='ocrx_word' id='word_1_68' title='bbox 407 1424 568 1463; x_wconf 84' lang='lat' dir='ltr'>sperando</span> 
     </span>
    </p>

    <p class='ocr_par' dir='ltr' id='par_1_14' title="bbox 179 1470 563 1558">
     <span class='ocr_line' id='line_1_25' title="bbox 179 1470 554 1503; baseline 0 -1"><span class='ocrx_word' id='word_1_69' title='bbox 179 1470 348 1503; x_wconf 76' lang='lat' dir='ltr'><strong>Laudibus</strong></span> <span class='ocrx_word' id='word_1_70' title='bbox 374 1475 406 1502; x_wconf 87' lang='lat' dir='ltr'>et</span> <span class='ocrx_word' id='word_1_71' title='bbox 431 1472 554 1502; x_wconf 86' lang='lat' dir='ltr'>meritis</span> 
     </span>
     <span class='ocr_line' id='line_1_26' title="bbox 229 1519 563 1558; baseline 0.006 -8"><span class='ocrx_word' id='word_1_72' title='bbox 229 1519 390 1558; x_wconf 77' lang='lat' dir='ltr'>gaudeant</span> <span class='ocrx_word' id='word_1_73' title='bbox 415 1520 563 1552; x_wconf 85' lang='lat' dir='ltr'>amando.</span> 
     </span>
    </p>
   </div>
   <div class='ocr_carea' id='block_1_6' title="bbox 147 1624 648 1996">
    <p class='ocr_par' dir='ltr' id='par_1_15' title="bbox 147 1624 648 1996">
     <span class='ocr_line' id='line_1_27' title="bbox 147 1624 585 1658; baseline 0 -1"><span class='ocrx_word' id='word_1_74' title='bbox 147 1648 156 1657; x_wconf 91' lang='lat'><strong><em>.</em></strong></span> <span class='ocrx_word' id='word_1_75' title='bbox 181 1624 231 1657; x_wconf 83' lang='lat' dir='ltr'>Es</span> <span class='ocrx_word' id='word_1_76' title='bbox 255 1625 287 1656; x_wconf 89' lang='lat' dir='ltr'>in</span> <span class='ocrx_word' id='word_1_77' title='bbox 315 1625 412 1658; x_wconf 84' lang='lat' dir='ltr'>caelis</span> <span class='ocrx_word' id='word_1_78' title='bbox 439 1625 585 1657; x_wconf 87' lang='lat' dir='ltr'>conditus</span> 
     </span>
     <span class='ocr_line' id='line_1_28' title="bbox 229 1673 555 1713; baseline 0.003 -9"><span class='ocrx_word' id='word_1_79' title='bbox 229 1673 299 1704; x_wconf 89' lang='lat' dir='ltr'>sine</span> <span class='ocrx_word' id='word_1_80' title='bbox 324 1674 387 1705; x_wconf 85' lang='lat' dir='ltr'>fine</span> <span class='ocrx_word' id='word_1_81' title='bbox 414 1683 555 1713; x_wconf 82' lang='lat' dir='ltr'>manens,</span> 
     </span>
     <span class='ocr_line' id='line_1_29' title="bbox 178 1720 648 1763; baseline -0.002 -9"><span class='ocrx_word' id='word_1_82' title='bbox 178 1720 331 1754; x_wconf 80' lang='lat' dir='ltr'>Nostram</span> <span class='ocrx_word' id='word_1_83' title='bbox 359 1730 485 1754; x_wconf 86' lang='lat' dir='ltr'>carnem</span> <span class='ocrx_word' id='word_1_84' title='bbox 512 1731 648 1763; x_wconf 90' lang='lat' dir='ltr'>sumere,</span> 
     </span>
     <span class='ocr_line' id='line_1_30' title="bbox 228 1769 581 1812; baseline 0.003 -11"><span class='ocrx_word' id='word_1_85' title='bbox 228 1769 317 1801; x_wconf 84' lang='lat' dir='ltr'>Deus</span> <span class='ocrx_word' id='word_1_86' title='bbox 343 1769 436 1812; x_wconf 83' lang='lat' dir='ltr'>alme,</span> <span class='ocrx_word' id='word_1_87' title='bbox 462 1779 581 1811; x_wconf 78' lang='lat' dir='ltr'>parens</span> 
     </span>
     <span class='ocr_line' id='line_1_31' title="bbox 179 1818 566 1858; baseline -0.003 -8"><span class='ocrx_word' id='word_1_88' title='bbox 179 1818 340 1857; x_wconf 86' lang='lat' dir='ltr'><strong>Dignatus</strong></span> <span class='ocrx_word' id='word_1_89' title='bbox 366 1827 405 1850; x_wconf 88' lang='lat' dir='ltr'>ex</span> <span class='ocrx_word' id='word_1_90' title='bbox 433 1819 566 1858; x_wconf 83' lang='lat' dir='ltr'>virgine,</span> 
     </span>
     <span class='ocr_line' id='line_1_32' title="bbox 228 1866 550 1906; baseline 0.003 -9"><span class='ocrx_word' id='word_1_91' title='bbox 228 1866 282 1906; x_wconf 90' lang='lat' dir='ltr'>qui</span> <span class='ocrx_word' id='word_1_92' title='bbox 307 1867 409 1899; x_wconf 87' lang='lat' dir='ltr'>livore</span> <span class='ocrx_word' id='word_1_93' title='bbox 435 1875 550 1899; x_wconf 86' lang='lat' dir='ltr'>carens</span> 
     </span>
     <span class='ocr_line' id='line_1_33' title="bbox 176 1912 502 1955; baseline -0.006 -8"><span class='ocrx_word' id='word_1_94' title='bbox 176 1912 298 1947; x_wconf 85' lang='lat' dir='ltr'>Subisti</span> <span class='ocrx_word' id='word_1_95' title='bbox 323 1915 502 1955; x_wconf 84' lang='lat' dir='ltr'><strong>patibulum</strong></span> 
     </span>
     <span class='ocr_line' id='line_1_34' title="bbox 224 1964 540 1996; baseline 0.006 -2"><span class='ocrx_word' id='word_1_96' title='bbox 224 1971 281 1995; x_wconf 82' lang='lat' dir='ltr'>ara</span> <span class='ocrx_word' id='word_1_97' title='bbox 304 1964 408 1994; x_wconf 90' lang='lat' dir='ltr'>crucis</span> <span class='ocrx_word' id='word_1_98' title='bbox 434 1972 540 1996; x_wconf 80' lang='lat' dir='ltr'>arenS.</span> 
     </span>
    </p>
   </div>
   <div class='ocr_carea' id='block_1_7' title="bbox 140 2068 649 2495">
    <p class='ocr_par' dir='ltr' id='par_1_16' title="bbox 140 2068 649 2495">
     <span class='ocr_line' id='line_1_35' title="bbox 140 2068 550 2109; baseline 0.002 -10"><span class='ocrx_word' id='word_1_99' title='bbox 140 2091 148 2099; x_wconf 92' lang='lat'>.</span> <span class='ocrx_word' id='word_1_100' title='bbox 173 2068 405 2109; x_wconf 68' lang='lat' dir='ltr'>Sanctificetur</span> <span class='ocrx_word' id='word_1_101' title='bbox 430 2074 550 2108; x_wconf 85' lang='lat' dir='ltr'>uterus,</span> 
     </span>
     <span class='ocr_line' id='line_1_36' title="bbox 221 2117 536 2159; baseline 0 -11"><span class='ocrx_word' id='word_1_102' title='bbox 221 2117 276 2157; x_wconf 91' lang='lat' dir='ltr'>qui</span> <span class='ocrx_word' id='word_1_103' title='bbox 302 2122 334 2149; x_wconf 86' lang='lat' dir='ltr'>te</span> <span class='ocrx_word' id='word_1_104' title='bbox 359 2117 536 2159; x_wconf 83' lang='lat' dir='ltr'>generavit,</span> 
     </span>
     <span class='ocr_line' id='line_1_37' title="bbox 174 2165 559 2198; baseline -0.003 0"><span class='ocrx_word' id='word_1_105' title='bbox 174 2165 298 2198; x_wconf 88' lang='lat' dir='ltr'>Venter</span> <span class='ocrx_word' id='word_1_106' title='bbox 321 2165 559 2198; x_wconf 80' lang='lat' dir='ltr'>sacratissimus</span> 
     </span>
     <span class='ocr_line' id='line_1_38' title="bbox 220 2213 624 2258; baseline -0.005 -12"><span class='ocrx_word' id='word_1_107' title='bbox 220 2215 345 2258; x_wconf 83' lang='lat' dir='ltr'>matris,</span> <span class='ocrx_word' id='word_1_108' title='bbox 373 2223 455 2254; x_wconf 86' lang='lat' dir='ltr'>quae</span> <span class='ocrx_word' id='word_1_109' title='bbox 480 2213 624 2253; x_wconf 86' lang='lat' dir='ltr'>lactavit,</span> 
     </span>
     <span class='ocr_line' id='line_1_39' title="bbox 173 2261 513 2304; baseline -0.006 -9"><span class='ocrx_word' id='word_1_110' title='bbox 173 2261 345 2297; x_wconf 78' lang='lat' dir='ltr'>Gloriosae</span> <span class='ocrx_word' id='word_1_111' title='bbox 368 2262 513 2304; x_wconf 81' lang='lat' dir='ltr'>virginis,</span> 
     </span>
     <span class='ocr_line' id='line_1_40' title="bbox 221 2310 588 2351; baseline -0.005 -7"><span class='ocrx_word' id='word_1_112' title='bbox 221 2319 304 2351; x_wconf 85' lang='lat' dir='ltr'>quae</span> <span class='ocrx_word' id='word_1_113' title='bbox 329 2315 361 2343; x_wconf 84' lang='lat' dir='ltr'>te</span> <span class='ocrx_word' id='word_1_114' title='bbox 387 2314 419 2342; x_wconf 87' lang='lat' dir='ltr'>et</span> <span class='ocrx_word' id='word_1_115' title='bbox 444 2310 588 2351; x_wconf 83' lang='lat' dir='ltr'>portavit</span> 
     </span>
     <span class='ocr_line' id='line_1_41' title="bbox 175 2358 566 2400; baseline -0.005 -8"><span class='ocrx_word' id='word_1_116' title='bbox 175 2358 288 2400; x_wconf 86' lang='lat' dir='ltr'>Deque</span> <span class='ocrx_word' id='word_1_117' title='bbox 313 2359 426 2391; x_wconf 85' lang='lat' dir='ltr'>mortis</span> <span class='ocrx_word' id='word_1_118' title='bbox 452 2360 566 2398; x_wconf 84' lang='lat' dir='ltr'>laqueo</span> 
     </span>
     <span class='ocr_line' id='line_1_42' title="bbox 225 2407 527 2448; baseline -0.003 -8"><span class='ocrx_word' id='word_1_119' title='bbox 225 2407 324 2440; x_wconf 84' lang='lat' dir='ltr'>vitam</span> <span class='ocrx_word' id='word_1_120' title='bbox 351 2407 527 2448; x_wconf 81' lang='lat' dir='ltr'>reparavit.</span> 
     </span>
     <span class='ocr_line' id='line_1_43' title="bbox 153 2463 649 2495; baseline -0.008 -5"><span class='ocrx_word' id='word_1_121' title='bbox 153 2465 299 2495; x_wconf 79' lang='lat' dir='ltr'>Drevee,</span> <span class='ocrx_word' id='word_1_122' title='bbox 323 2465 373 2489; x_wconf 80' lang='lat' dir='ltr'>Pia</span> <span class='ocrx_word' id='word_1_123' title='bbox 388 2465 555 2489; x_wconf 78' lang='lat' dir='ltr'>Dictamina.</span> <span class='ocrx_word' id='word_1_124' title='bbox 590 2463 649 2487; x_wconf 83' lang='lat' dir='ltr'>vn.</span> 
     </span>
    </p>
   </div>
   <div class='ocr_carea' id='block_1_8' title="bbox 853 303 884 335">
    <p class='ocr_par' dir='ltr' id='par_1_17' title="bbox 853 303 884 335">
     <span class='ocr_line' id='line_1_44' title="bbox 853 303 884 335; baseline 0 0"><span class='ocrx_word' id='word_1_125' title='bbox 853 303 884 335; x_wconf 84' lang='grc' dir='ltr'>ὃ.</span> 
     </span>
    </p>
   </div>
   <div class='ocr_carea' id='block_1_9' title="bbox 819 2069 873 2102">
    <p class='ocr_par' dir='ltr' id='par_1_18' title="bbox 819 2069 873 2102">
     <span class='ocr_line' id='line_1_45' title="bbox 819 2069 873 2102; baseline 0 0"><span class='ocrx_word' id='word_1_126' title='bbox 819 2069 873 2102; x_wconf 90' lang='grc'>10.</span> 
     </span>
    </p>
   </div>
   <div class='ocr_carea' id='block_1_10' title="bbox 907 300 1377 670">
    <p class='ocr_par' dir='ltr' id='par_1_19' title="bbox 911 300 1377 392">
     <span class='ocr_line' id='line_1_46' title="bbox 911 300 1377 336; baseline -0.011 0"><span class='ocrx_word' id='word_1_127' title='bbox 911 300 1043 336; x_wconf 75' lang='lat' dir='ltr'>Nomen.</span> <span class='ocrx_word' id='word_1_128' title='bbox 1068 302 1188 335; x_wconf 82' lang='lat' dir='ltr'><strong>Christi</strong></span> <span class='ocrx_word' id='word_1_129' title='bbox 1217 301 1377 332; x_wconf 82' lang='lat' dir='ltr'>credimus</span> 
     </span>
     <span class='ocr_line' id='line_1_47' title="bbox 956 349 1273 392; baseline -0.006 -10"><span class='ocrx_word' id='word_1_130' title='bbox 956 356 1050 391; x_wconf 87' lang='lat' dir='ltr'>atque</span> <span class='ocrx_word' id='word_1_131' title='bbox 1077 349 1273 392; x_wconf 87' lang='lat' dir='ltr'>confitemur,</span> 
     </span>
    </p>

    <p class='ocr_par' dir='ltr' id='par_1_20' title="bbox 908 398 1296 486">
     <span class='ocr_line' id='line_1_48' title="bbox 908 398 1254 431; baseline -0.006 0"><span class='ocrx_word' id='word_1_132' title='bbox 908 399 947 431; x_wconf 88' lang='lat' dir='ltr'>Id</span> <span class='ocrx_word' id='word_1_133' title='bbox 975 408 1043 430; x_wconf 88' lang='lat' dir='ltr'>eum</span> <span class='ocrx_word' id='word_1_134' title='bbox 1071 398 1254 430; x_wconf 83' lang='lat' dir='ltr'>reverentia</span> 
     </span>
     <span class='ocr_line' id='line_1_49' title="bbox 957 454 1296 486; baseline -0.006 -8"><span class='ocrx_word' id='word_1_135' title='bbox 957 455 1083 486; x_wconf 87' lang='lat' dir='ltr'>semper</span> <span class='ocrx_word' id='word_1_136' title='bbox 1109 454 1296 485; x_wconf 82' lang='lat' dir='ltr'>veneremur</span> 
     </span>
    </p>

    <p class='ocr_par' dir='ltr' id='par_1_21' title="bbox 907 494 1335 582">
     <span class='ocr_line' id='line_1_50' title="bbox 907 494 1272 526; baseline -0.005 0"><span class='ocrx_word' id='word_1_137' title='bbox 907 495 949 526; x_wconf 82' lang='lat' dir='ltr'>Et</span> <span class='ocrx_word' id='word_1_138' title='bbox 976 495 1007 526; x_wconf 91' lang='lat' dir='ltr'>in</span> <span class='ocrx_word' id='word_1_139' title='bbox 1035 494 1097 526; x_wconf 87' lang='lat' dir='ltr'>tuis</span> <span class='ocrx_word' id='word_1_140' title='bbox 1123 494 1272 525; x_wconf 82' lang='lat' dir='ltr'><strong>laudibus</strong></span> 
     </span>
     <span class='ocr_line' id='line_1_51' title="bbox 956 543 1335 582; baseline -0.003 -9"><span class='ocrx_word' id='word_1_141' title='bbox 956 546 1104 582; x_wconf 77' lang='lat' dir='ltr'>prompte</span> <span class='ocrx_word' id='word_1_142' title='bbox 1131 543 1335 577; x_wconf 74' lang='lat' dir='ltr'>delectemur,</span> 
     </span>
    </p>

    <p class='ocr_par' dir='ltr' id='par_1_22' title="bbox 908 589 1318 670">
     <span class='ocr_line' id='line_1_52' title="bbox 908 589 1284 623; baseline -0.005 -1"><span class='ocrx_word' id='word_1_143' title='bbox 908 591 951 623; x_wconf 89' lang='lat' dir='ltr'>Ut</span> <span class='ocrx_word' id='word_1_144' title='bbox 978 599 996 621; x_wconf 89' lang='lat' dir='ltr'>a</span> <span class='ocrx_word' id='word_1_145' title='bbox 1022 589 1116 621; x_wconf 86' lang='lat' dir='ltr'>sorde</span> <span class='ocrx_word' id='word_1_146' title='bbox 1144 590 1284 621; x_wconf 86' lang='lat' dir='ltr'>criminis</span> 
     </span>
     <span class='ocr_line' id='line_1_53' title="bbox 955 637 1318 670; baseline 0 -1"><span class='ocrx_word' id='word_1_147' title='bbox 955 642 986 669; x_wconf 87' lang='lat' dir='ltr'>et</span> <span class='ocrx_word' id='word_1_148' title='bbox 1011 642 1112 670; x_wconf 84' lang='lat' dir='ltr'>morte</span> <span class='ocrx_word' id='word_1_149' title='bbox 1136 637 1318 670; x_wconf 74' lang='lat' dir='ltr'>liberemur,</span> 
     </span>
    </p>
   </div>
   <div class='ocr_carea' id='block_1_11' title="bbox 870 742 1303 782">
    <p class='ocr_par' dir='ltr' id='par_1_23' title="bbox 870 742 1303 782">
     <span class='ocr_line' id='line_1_54' title="bbox 870 742 1303 782; baseline -0.007 -7"><span class='ocrx_word' id='word_1_150' title='bbox 870 768 878 775; x_wconf 92' lang='lat'><strong>.</strong></span> <span class='ocrx_word' id='word_1_151' title='bbox 905 745 1013 776; x_wconf 77' lang='lat' dir='ltr'>Tuum</span> <span class='ocrx_word' id='word_1_152' title='bbox 1041 744 1082 775; x_wconf 87' lang='lat' dir='ltr'>da</span> <span class='ocrx_word' id='word_1_153' title='bbox 1107 742 1303 782; x_wconf 83' lang='lat' dir='ltr'>praesidium</span> 
     </span>
    </p>
   </div>
   <div class='ocr_carea' id='block_1_12' title="bbox 904 791 1392 1119">
    <p class='ocr_par' dir='ltr' id='par_1_24' title="bbox 954 791 1294 831">
     <span class='ocr_line' id='line_1_55' title="bbox 954 791 1294 831; baseline -0.003 -9"><span class='ocrx_word' id='word_1_154' title='bbox 954 792 1057 828; x_wconf 81' lang='lat' dir='ltr'>nobis,</span> <span class='ocrx_word' id='word_1_155' title='bbox 1084 791 1166 822; x_wconf 84' lang='lat' dir='ltr'>alme</span> <span class='ocrx_word' id='word_1_156' title='bbox 1194 795 1294 831; x_wconf 69' lang='lat' dir='ltr'>pater,</span> 
     </span>
    </p>

    <p class='ocr_par' dir='ltr' id='par_1_25' title="bbox 907 839 1289 927">
     <span class='ocr_line' id='line_1_56' title="bbox 907 839 1286 879; baseline -0.005 -9"><span class='ocrx_word' id='word_1_157' title='bbox 907 840 992 871; x_wconf 90' lang='lat' dir='ltr'>Illud</span> <span class='ocrx_word' id='word_1_158' title='bbox 1019 839 1109 870; x_wconf 87' lang='lat' dir='ltr'>nobis</span> <span class='ocrx_word' id='word_1_159' title='bbox 1135 839 1286 879; x_wconf 85' lang='lat' dir='ltr'>impetret</span> 
     </span>
     <span class='ocr_line' id='line_1_57' title="bbox 954 887 1289 927; baseline -0.006 -9"><span class='ocrx_word' id='word_1_160' title='bbox 954 887 1154 918; x_wconf 82' lang='lat' dir='ltr'>sanctissima</span> <span class='ocrx_word' id='word_1_161' title='bbox 1182 890 1289 927; x_wconf 81' lang='lat' dir='ltr'>mater,</span> 
     </span>
    </p>

    <p class='ocr_par' dir='ltr' id='par_1_26' title="bbox 905 933 1392 1023">
     <span class='ocr_line' id='line_1_58' title="bbox 905 933 1392 966; baseline -0.002 0"><span class='ocrx_word' id='word_1_162' title='bbox 905 938 932 966; x_wconf 81' lang='lat' dir='ltr'>A</span> <span class='ocrx_word' id='word_1_163' title='bbox 961 936 1078 966; x_wconf 86' lang='lat' dir='ltr'>nostris</span> <span class='ocrx_word' id='word_1_164' title='bbox 1105 940 1207 966; x_wconf 76' lang='lat' dir='ltr'>cesset</span> <span class='ocrx_word' id='word_1_165' title='bbox 1233 933 1392 966; x_wconf 83' lang='lat' dir='ltr'>mentibus</span> 
     </span>
     <span class='ocr_line' id='line_1_59' title="bbox 952 983 1202 1023; baseline 0.004 -11"><span class='ocrx_word' id='word_1_166' title='bbox 952 983 1097 1014; x_wconf 85' lang='lat' dir='ltr'>inimicus</span> <span class='ocrx_word' id='word_1_167' title='bbox 1123 988 1202 1023; x_wconf 79' lang='lat' dir='ltr'>ater,</span> 
     </span>
    </p>

    <p class='ocr_par' dir='ltr' id='par_1_27' title="bbox 904 1031 1330 1119">
     <span class='ocr_line' id='line_1_60' title="bbox 904 1031 1330 1070; baseline -0.005 -8"><span class='ocrx_word' id='word_1_168' title='bbox 904 1031 963 1070; x_wconf 74' lang='lat' dir='ltr'>Qui</span> <span class='ocrx_word' id='word_1_169' title='bbox 990 1041 1046 1062; x_wconf 85' lang='lat' dir='ltr'>nos</span> <span class='ocrx_word' id='word_1_170' title='bbox 1073 1036 1167 1062; x_wconf 77' lang='lat' dir='ltr'>vexat</span> <span class='ocrx_word' id='word_1_171' title='bbox 1193 1031 1330 1062; x_wconf 78' lang='lat' dir='ltr'>stimulis</span> 
     </span>
     <span class='ocr_line' id='line_1_61' title="bbox 953 1083 1308 1119; baseline 0.006 -10"><span class='ocrx_word' id='word_1_172' title='bbox 953 1088 1014 1109; x_wconf 91' lang='lat' dir='ltr'>uno</span> <span class='ocrx_word' id='word_1_173' title='bbox 1042 1083 1158 1119; x_wconf 79' lang='lat' dir='ltr'>puncto</span> <span class='ocrx_word' id='word_1_174' title='bbox 1185 1083 1308 1119; x_wconf 78' lang='lat' dir='ltr'>quater.</span> 
     </span>
    </p>
   </div>
   <div class='ocr_carea' id='block_1_13' title="bbox 899 1183 1374 1562">
    <p class='ocr_par' dir='ltr' id='par_1_28' title="bbox 899 1183 1374 1562">
     <span class='ocr_line' id='line_1_62' title="bbox 902 1183 1247 1218; baseline -0.009 0"><span class='ocrx_word' id='word_1_175' title='bbox 902 1183 1069 1218; x_wconf 55' lang='lat' dir='ltr'>Adi-emat</span> <span class='ocrx_word' id='word_1_176' title='bbox 1097 1185 1247 1215; x_wconf 84' lang='lat' dir='ltr'>cordibus</span> 
     </span>
     <span class='ocr_line' id='line_1_63' title="bbox 952 1233 1343 1270; baseline 0.003 -8"><span class='ocrx_word' id='word_1_177' title='bbox 952 1233 1072 1264; x_wconf 82' lang='lat' dir='ltr'>candor</span> <span class='ocrx_word' id='word_1_178' title='bbox 1098 1233 1177 1263; x_wconf 73' lang='lat' dir='ltr'>lucis</span> <span class='ocrx_word' id='word_1_179' title='bbox 1204 1233 1343 1270; x_wconf 82' lang='lat' dir='ltr'>inclitus,</span> 
     </span>
     <span class='ocr_line' id='line_1_64' title="bbox 901 1281 1339 1321; baseline 0 -9"><span class='ocrx_word' id='word_1_180' title='bbox 901 1281 1030 1312; x_wconf 81' lang='lat' dir='ltr'>Mentes</span> <span class='ocrx_word' id='word_1_181' title='bbox 1054 1284 1181 1312; x_wconf 75' lang='lat' dir='ltr'>nostras</span> <span class='ocrx_word' id='word_1_182' title='bbox 1207 1281 1339 1321; x_wconf 81' lang='lat' dir='ltr'>impleat</span> 
     </span>
     <span class='ocr_line' id='line_1_65' title="bbox 951 1330 1296 1371; baseline 0 -11"><span class='ocrx_word' id='word_1_183' title='bbox 951 1330 1127 1369; x_wconf 79' lang='lat' dir='ltr'>paraclitus</span> <span class='ocrx_word' id='word_1_184' title='bbox 1154 1330 1296 1371; x_wconf 86' lang='lat' dir='ltr'>spiritus,</span> 
     </span>
     <span class='ocr_line' id='line_1_66' title="bbox 900 1377 1259 1416; baseline -0.003 -8"><span class='ocrx_word' id='word_1_185' title='bbox 900 1377 979 1408; x_wconf 86' lang='lat' dir='ltr'>Eius</span> <span class='ocrx_word' id='word_1_186' title='bbox 1006 1378 1047 1408; x_wconf 88' lang='lat' dir='ltr'>ad</span> <span class='ocrx_word' id='word_1_187' title='bbox 1074 1377 1259 1416; x_wconf 77' lang='lat' dir='ltr'>obsequium</span> 
     </span>
     <span class='ocr_line' id='line_1_67' title="bbox 950 1424 1374 1464; baseline 0.002 -9"><span class='ocrx_word' id='word_1_188' title='bbox 950 1434 1005 1456; x_wconf 87' lang='lat' dir='ltr'>nos</span> <span class='ocrx_word' id='word_1_189' title='bbox 1032 1424 1207 1456; x_wconf 82' lang='lat' dir='ltr'>conformet</span> <span class='ocrx_word' id='word_1_190' title='bbox 1236 1426 1374 1464; x_wconf 61' lang='lat' dir='ltr'>penum,</span> 
     </span>
     <span class='ocr_line' id='line_1_68' title="bbox 899 1474 1324 1513; baseline 0.002 -9"><span class='ocrx_word' id='word_1_191' title='bbox 899 1474 958 1513; x_wconf 81' lang='lat' dir='ltr'>Qui</span> <span class='ocrx_word' id='word_1_192' title='bbox 985 1474 1159 1513; x_wconf 80' lang='lat' dir='ltr'>gratiarum</span> <span class='ocrx_word' id='word_1_193' title='bbox 1187 1474 1324 1505; x_wconf 77' lang='lat' dir='ltr'>omniun}</span> 
     </span>
     <span class='ocr_line' id='line_1_69' title="bbox 947 1521 1332 1562; baseline 0 -9"><span class='ocrx_word' id='word_1_194' title='bbox 947 1526 994 1553; x_wconf 86' lang='lat' dir='ltr'>est</span> <span class='ocrx_word' id='word_1_195' title='bbox 1022 1521 1155 1562; x_wconf 81' lang='lat' dir='ltr'>largitor</span> <span class='ocrx_word' id='word_1_196' title='bbox 1181 1521 1332 1560; x_wconf 80' lang='lat' dir='ltr'>optimus.</span> 
     </span>
    </p>
   </div>
   <div class='ocr_carea' id='block_1_14' title="bbox 863 1627 1341 1668">
    <p class='ocr_par' dir='ltr' id='par_1_29' title="bbox 863 1627 1341 1668">
     <span class='ocr_line' id='line_1_70' title="bbox 863 1627 1341 1668; baseline 0.004 -10"><span class='ocrx_word' id='word_1_197' title='bbox 863 1651 870 1658; x_wconf 95' lang='lat'>.</span> <span class='ocrx_word' id='word_1_198' title='bbox 898 1629 1047 1668; x_wconf 68' lang='lat' dir='ltr'>Reymcm</span> <span class='ocrx_word' id='word_1_199' title='bbox 1075 1627 1166 1667; x_wconf 67' lang='lat' dir='ltr'>caeli,</span> <span class='ocrx_word' id='word_1_200' title='bbox 1195 1627 1341 1667; x_wconf 80' lang='lat' dir='ltr'>Domine,</span> 
     </span>
    </p>
   </div>
   <div class='ocr_carea' id='block_1_15' title="bbox 899 1675 1308 1998">
    <p class='ocr_par' dir='ltr' id='par_1_30' title="bbox 899 1675 1308 1998">
     <span class='ocr_line' id='line_1_71' title="bbox 948 1675 1276 1718; baseline 0.003 -12"><span class='ocrx_word' id='word_1_201' title='bbox 948 1676 1106 1707; x_wconf 83' lang='lat' dir='ltr'>mentibus</span> <span class='ocrx_word' id='word_1_202' title='bbox 1133 1675 1276 1718; x_wconf 86' lang='lat' dir='ltr'>infunde,</span> 
     </span>
     <span class='ocr_line' id='line_1_72' title="bbox 899 1724 1250 1763; baseline -0.006 -6"><span class='ocrx_word' id='word_1_203' title='bbox 899 1724 1087 1757; x_wconf 82' lang='lat' dir='ltr'>Paenitendi</span> <span class='ocrx_word' id='word_1_204' title='bbox 1115 1725 1250 1763; x_wconf 82' lang='lat' dir='ltr'>gratiam</span> 
     </span>
     <span class='ocr_line' id='line_1_73' title="bbox 949 1772 1262 1813; baseline -0.01 -9"><span class='ocrx_word' id='word_1_205' title='bbox 949 1772 1096 1804; x_wconf 78' lang='lat' dir='ltr'>conferas</span> <span class='ocrx_word' id='word_1_206' title='bbox 1121 1773 1262 1813; x_wconf 75' lang='lat' dir='ltr'>abunde,</span> 
     </span>
     <span class='ocr_line' id='line_1_74' title="bbox 899 1821 1256 1859; baseline -0.003 -7"><span class='ocrx_word' id='word_1_207' title='bbox 899 1822 928 1852; x_wconf 93' lang='lat' dir='ltr'>A</span> <span class='ocrx_word' id='word_1_208' title='bbox 955 1824 987 1850; x_wconf 84' lang='lat' dir='ltr'>te</span> <span class='ocrx_word' id='word_1_209' title='bbox 1013 1821 1080 1852; x_wconf 90' lang='lat' dir='ltr'>solo</span> <span class='ocrx_word' id='word_1_210' title='bbox 1107 1821 1256 1859; x_wconf 77' lang='lat' dir='ltr'>provenit</span> 
     </span>
     <span class='ocr_line' id='line_1_75' title="bbox 946 1868 1236 1908; baseline -0.003 -8"><span class='ocrx_word' id='word_1_211' title='bbox 946 1872 977 1900; x_wconf 85' lang='lat' dir='ltr'>et</span> <span class='ocrx_word' id='word_1_212' title='bbox 1002 1878 1063 1899; x_wconf 88' lang='lat' dir='ltr'>non</span> <span class='ocrx_word' id='word_1_213' title='bbox 1095 1868 1236 1908; x_wconf 76' lang='lat' dir='ltr'>aliunde,</span> 
     </span>
     <span class='ocr_line' id='line_1_76' title="bbox 899 1916 1240 1956; baseline 0 -8"><span class='ocrx_word' id='word_1_214' title='bbox 899 1916 962 1948; x_wconf 89' lang='lat' dir='ltr'>Sed</span> <span class='ocrx_word' id='word_1_215' title='bbox 989 1916 1019 1946; x_wconf 89' lang='lat' dir='ltr'>in</span> <span class='ocrx_word' id='word_1_216' title='bbox 1044 1916 1240 1956; x_wconf 76' lang='lat' dir='ltr'>gratitudine</span> 
     </span>
     <span class='ocr_line' id='line_1_77' title="bbox 946 1965 1308 1998; baseline 0.006 -2"><span class='ocrx_word' id='word_1_217' title='bbox 946 1973 1006 1996; x_wconf 87' lang='lat' dir='ltr'>non</span> <span class='ocrx_word' id='word_1_218' title='bbox 1034 1965 1187 1996; x_wconf 82' lang='lat' dir='ltr'>sentimus</span> <span class='ocrx_word' id='word_1_219' title='bbox 1213 1965 1308 1998; x_wconf 85' lang='lat' dir='ltr'>unde.</span> 
     </span>
    </p>
   </div>
   <div class='ocr_carea' id='block_1_16' title="bbox 896 2069 1330 2448">
    <p class='ocr_par' dir='ltr' id='par_1_31' title="bbox 896 2069 1330 2448">
     <span class='ocr_line' id='line_1_78' title="bbox 898 2069 1222 2102; baseline 0.019 -6"><span class='ocrx_word' id='word_1_220' title='bbox 898 2069 1006 2102; x_wconf 77' lang='lat' dir='ltr'>Tuum</span> <span class='ocrx_word' id='word_1_221' title='bbox 1033 2069 1222 2102; x_wconf 81' lang='lat' dir='ltr'>beneficium</span> 
     </span>
     <span class='ocr_line' id='line_1_79' title="bbox 945 2121 1330 2161; baseline 0.008 -13"><span class='ocrx_word' id='word_1_222' title='bbox 945 2126 1071 2158; x_wconf 89' lang='lat' dir='ltr'>semper</span> <span class='ocrx_word' id='word_1_223' title='bbox 1097 2121 1146 2149; x_wconf 82' lang='lat' dir='ltr'>est</span> <span class='ocrx_word' id='word_1_224' title='bbox 1171 2122 1330 2161; x_wconf 74' lang='lat' dir='ltr'>paratum,</span> 
     </span>
     <span class='ocr_line' id='line_1_80' title="bbox 898 2166 1262 2198; baseline 0 0"><span class='ocrx_word' id='word_1_225' title='bbox 898 2166 1013 2198; x_wconf 84' lang='lat' dir='ltr'>Redde</span> <span class='ocrx_word' id='word_1_226' title='bbox 1043 2175 1098 2198; x_wconf 86' lang='lat' dir='ltr'>cor</span> <span class='ocrx_word' id='word_1_227' title='bbox 1120 2166 1262 2198; x_wconf 78' lang='lat' dir='ltr'>fidelium</span> 
     </span>
     <span class='ocr_line' id='line_1_81' title="bbox 944 2214 1267 2254; baseline 0.003 -9"><span class='ocrx_word' id='word_1_228' title='bbox 944 2214 1002 2245; x_wconf 89' lang='lat' dir='ltr'>tibi</span> <span class='ocrx_word' id='word_1_229' title='bbox 1029 2220 1267 2254; x_wconf 83' lang='lat' dir='ltr'>praeparatum,</span> 
     </span>
     <span class='ocr_line' id='line_1_82' title="bbox 896 2261 1311 2304; baseline 0.005 -11"><span class='ocrx_word' id='word_1_230' title='bbox 896 2261 947 2294; x_wconf 85' lang='lat' dir='ltr'>Da</span> <span class='ocrx_word' id='word_1_231' title='bbox 972 2262 1064 2293; x_wconf 86' lang='lat' dir='ltr'>nobis</span> <span class='ocrx_word' id='word_1_232' title='bbox 1091 2271 1149 2302; x_wconf 85' lang='lat' dir='ltr'>per</span> <span class='ocrx_word' id='word_1_233' title='bbox 1175 2264 1311 2304; x_wconf 76' lang='lat' dir='ltr'>gratiam</span> 
     </span>
     <span class='ocr_line' id='line_1_83' title="bbox 943 2311 1296 2351; baseline 0.006 -9"><span class='ocrx_word' id='word_1_234' title='bbox 943 2311 1006 2342; x_wconf 91' lang='lat' dir='ltr'>iter</span> <span class='ocrx_word' id='word_1_235' title='bbox 1033 2311 1296 2351; x_wconf 80' lang='lat' dir='ltr'>demonstratum,</span> 
     </span>
     <span class='ocr_line' id='line_1_84' title="bbox 897 2357 1269 2392; baseline 0.005 -2"><span class='ocrx_word' id='word_1_236' title='bbox 897 2357 1051 2390; x_wconf 87' lang='lat' dir='ltr'>Nostrum</span> <span class='ocrx_word' id='word_1_237' title='bbox 1077 2360 1269 2392; x_wconf 83' lang='lat' dir='ltr'>sacrificium</span> 
     </span>
     <span class='ocr_line' id='line_1_85' title="bbox 945 2406 1249 2448; baseline 0.013 -10"><span class='ocrx_word' id='word_1_238' title='bbox 945 2406 1004 2438; x_wconf 87' lang='lat' dir='ltr'>tibi</span> <span class='ocrx_word' id='word_1_239' title='bbox 1030 2406 1086 2440; x_wconf 81' lang='lat' dir='ltr'>fiat</span> <span class='ocrx_word' id='word_1_240' title='bbox 1113 2413 1249 2448; x_wconf 84' lang='lat' dir='ltr'>gratum.</span> 
     </span>
    </p>
   </div>
  </div>
 </body>
</html>
