1651 2680
715 110 978 147 —287—

638 243 708 274 254.
751 244 793 275 De
814 245 924 276 sancta
946 245 1050 276 Lucia.

211 343 240 376 1.
268 343 294 376 Ο
319 343 391 375 viva
416 341 535 375 Christi
561 342 675 382 hostia,
957 345 1062 385 Salve,
1101 345 1214 378 confer
1240 355 1382 386 quaeque
1410 346 1495 378 bona

267 391 366 423 Lucia
390 389 577 429 fortissima,
957 394 1124 426 Castitatis
1152 395 1262 433 cingar
1289 404 1368 426 zona

266 439 335 471 Tua
359 439 402 470 sit
426 438 504 470 mihi
529 439 636 478 passio
1005 443 1048 474 Et
1076 443 1226 474 virtutum
1253 443 1364 476 initiis.

265 487 472 566 {eccalomfss
498 487 654 540 rqmmio'
897 510 927 542 3.
955 509 1052 546 Audi,
1081 509 1209 541 Christe
1236 510 1308 540 Iesu
1336 510 1399 548 pie.

293 544 334 566 ua
358 538 401 566 sit
427 534 558 566 dilectio

263 582 329 614 Mis
353 583 478 614 animae
505 582 638 614 refectio
957 558 1021 589 Per
1047 566 1159 596 preces
1186 561 1316 588 sanctae
1345 557 1462 588 Luciae

264 631 334 663 Tua
359 631 618 663 commemoratio

263 678 313 710 Sit
337 680 452 710 mentis
480 679 654 719 reparatio.

1006 605 1060 636 Me
1086 605 1206 636 sanctis
1234 606 1296 636 tuis
1323 606 1439 643 insere,

957 653 1015 691 Qui
1044 654 1150 693 perire
1177 653 1297 684 nullum
1325 653 1414 689 sinis,

958 702 1001 734 Ut
1028 710 1077 732 me
1104 701 1203 732 bonus
1230 705 1338 740 tangat
1367 700 1438 732 finis

1006 751 1043 781 In
1071 749 1130 780 hoc
1156 750 1317 788 praesenti
1346 749 1485 789 saeculo,

204 795 235 828 2.
263 794 368 834 Salve,
398 795 496 834 virgo,
525 794 624 826 funde
652 804 775 836 preces,
957 798 999 830 Ut
1026 798 1144 836 possim
1172 801 1275 828 tecum
1303 797 1433 837 gloriari

263 842 377 874 Cordis
404 843 464 874 mei
493 853 591 883 purga
620 842 738 883 faeces,
954 845 995 876 Et
1023 846 1055 876 in
1083 850 1245 876 aeternum
1273 845 1484 885 contemplari

309 891 427 923 Sensus
454 895 544 930 terge
571 892 676 932 vitiis3
1005 893 1038 924 In
1068 893 1197 924 deitatis
1224 894 1364 933 speculo.

253 977 333 1003 Orat.
356 986 408 1003 ms.
431 978 594 1012 Campense
623 978 693 1004 anni
722 975 804 1004 1462.
851 978 920 1005 Cod.
943 978 1161 1005 Darmstadien.
1184 976 1249 1004 521.
1281 994 1314 997 —
1345 979 1386 1005 Zu
1409 980 1463 1004 Str.
1488 975 1507 1004 2

176 1014 235 1042 und
257 1013 274 1041 3
295 1015 354 1050 vgl.
378 1016 427 1042 Nr.
450 1014 513 1048 541,
537 1016 594 1043 Str.
618 1014 652 1042 14
675 1016 735 1042 und
760 1015 801 1042 17.

631 1156 698 1187 255.
740 1157 780 1188 De
803 1158 914 1187 sancta
937 1157 1044 1187 Lucia.

257 1247 282 1278 Ο
309 1247 426 1278 nobilis
454 1247 543 1286 virgo
570 1248 682 1287 Lucia,
952 1248 993 1279 Et
1020 1256 1078 1286 pro
1102 1247 1173 1286 ipso
1201 1256 1233 1277 es
1261 1256 1415 1287 perpessa

257 1295 416 1334 Gloriosa,
443 1295 530 1326 mitis
558 1299 588 1326 et
615 1296 678 1335 pia,
868 1297 925 1328 15.
953 1295 1131 1334 Capitalem
1159 1295 1361 1327 sententiam.

255 1343 343 1382 Quae
370 1343 528 1374 castitatis
554 1342 632 1375 flore
950 1344 1049 1382 Quam
1076 1352 1173 1374 exoro
1200 1344 1421 1374 reverentiam.

257 1391 417 1423 Succensa
443 1395 475 1422 et
499 1400 607 1422 amore
949 1393 993 1425 Ut
1020 1392 1050 1422 in
1078 1392 1139 1422 hac
1166 1392 1233 1421 vita
1261 1390 1379 1429 fragili,

196 1442 228 1473 5.
256 1439 431 1471 Terrenum
467 1449 619 1479 sponsum
653 1439 804 1480 respuisti
949 1439 1081 1471 Mortali
1107 1443 1202 1478 atque
1229 1439 1332 1473 labili,

256 1488 299 1519 Et
325 1488 495 1518 caelestem
520 1488 656 1529 elegisti,
947 1486 1103 1520 Conferas
1129 1487 1282 1518 auxilium

252 1536 353 1568 Matri
378 1540 452 1567 tuae
478 1535 697 1576 supplicabas,
862 1537 918 1570 20.
948 1536 988 1568 Et
1015 1545 1126 1566 sanum
1153 1535 1331 1570 consilium,

254 1583 303 1615 Ne
328 1584 437 1623 alium,
464 1593 558 1624 quam
586 1584 727 1624 amabas,
944 1586 1012 1624 Quo
1039 1588 1239 1615 contemnam
1268 1584 1413 1622 peritura,

252 1632 326 1663 Tibi
352 1641 503 1672 sponsum
530 1633 709 1664 nominaret
946 1633 1035 1664 Bona
1061 1633 1193 1672 gliscam
1221 1636 1252 1662 et
1279 1630 1386 1662 futura

169 1682 224 1714 10.
252 1679 364 1720 Neque
390 1679 529 1711 fructum
557 1684 760 1720 exspectaret
943 1682 1051 1720 Atque
1077 1684 1132 1711 tua
1159 1689 1254 1719 prece
1282 1678 1384 1710 fretus

253 1727 366 1760 Carnis
391 1732 464 1759 tuae
490 1728 674 1761 moriturae.
943 1729 992 1760 Ex
1020 1729 1080 1760 hac
1106 1729 1171 1759 vita
1199 1737 1329 1767 pergam
1358 1728 1459 1759 laetus

252 1777 434 1809 Praesentis
462 1777 545 1808 vitae
572 1781 603 1808 et
629 1776 756 1808 futurae
857 1778 913 1811 25.
946 1778 998 1808 Ad
1026 1777 1105 1808 caeli
1134 1777 1266 1816 palatiu,

251 1825 353 1856 Deum
381 1834 490 1856 verum
517 1834 550 1856 es
577 1824 724 1856 confessa
941 1826 966 1857 O
993 1826 1131 1865 gloriosa
1160 1825 1268 1856 Lucia.

476 1878 489 1890 Ι

243 1911 365 1938 Collect.
394 1920 447 1938 ms.
475 1912 503 1937 S.
533 1909 612 1938 Petri
640 1911 842 1948 Salisburgen.
871 1920 947 1939 saec.
989 1911 1030 1938 15.
1062 1911 1132 1937 Cod.
1156 1910 1266 1937 Petrin.
1293 1911 1332 1936 Vl
1352 1909 1378 1936 3.
1401 1924 1437 1926 Ἀ
1459 1907 1497 1935 2ss

165 1950 190 1978 Ο
211 1950 342 1986 gloriosa
363 1952 448 1986 virgo
471 1955 499 1977 et
524 1954 635 1985 martyr
656 1950 758 1977 Lucia.

622 2093 689 2125 256.
730 2093 772 2125 De
793 2094 904 2124 sancta
926 2092 1029 2124 Lucia.

189 2185 220 2218 1.
248 2185 274 2218 O
299 2185 400 2216 Lucia
425 2185 576 2227 gratiosa,
883 2185 914 2216 2.
943 2184 1039 2217 Clara
1064 2183 1166 2222 stirpe
1194 2182 1284 2222 virgo
1312 2186 1397 2219 nata,

247 2233 356 2273 Vultu,
384 2232 489 2265 forma
513 2233 670 2273 speciosa,
942 2233 1025 2264 Prae
1053 2231 1178 2262 coaevis
1207 2231 1328 2261 cunctis
1356 2232 1447 2269 grata

296 2281 412 2315 Carnis
435 2282 606 2322 elegantia.
990 2280 1197 2311 Excellenter
1223 2279 1330 2316 nituit,

246 2330 330 2362 Fide
356 2330 492 2370 pulchra
518 2330 606 2362 velut
632 2338 714 2372 rosa,
941 2328 1141 2360 Adulescens
1169 2327 1249 2358 hanc
1276 2326 1395 2358 amavit

245 2380 369 2412 Amans
395 2382 501 2411 mente
527 2379 691 2410 viscerosa
941 2377 984 2408 Et
1009 2376 1040 2407 in
1067 2385 1218 2416 sponsam
1244 2375 1431 2415 postulavit,

294 2427 456 2461 Christum
482 2426 524 2459 ab
550 2425 698 2459 infantia.
989 2424 1053 2457 Sed
1080 2424 1164 2456 hunc
1189 2425 1260 2464 ipsa
1287 2424 1402 2456 renuit.
