1651 2680
371 210 402 240 6.

377 439 392 469 *1

344 1132 397 1163 10.

342 1363 398 1394 11.

345 1594 398 1626 12.

348 1825 402 1856 13.

343 2054 401 2086 14.

345 2280 400 2312 15.

683 111 940 146 —231—

430 208 513 247 Quid
540 208 623 239 enim
652 211 756 248 potest
783 209 876 240 homo
901 209 1075 240 moriturus

430 255 500 287 Nisi
528 255 648 287 deflere
673 256 808 288 miseras
832 257 940 289 ruinas

427 304 535 343 Atque
563 304 673 344 lugere
698 304 859 336 incolatus
884 305 932 335 sui

549 352 712 392 Tempore
740 351 830 383 brevi
841 352 855 382 ’ἔ

401 463 407 469 .
435 437 493 468 Est
522 447 657 477 namque
683 438 781 468 miser
806 441 838 468 et
863 437 974 469 infelix
1005 439 1108 474 valde,

427 486 486 525 Qui
513 494 558 523 se,
586 486 661 516 dum
689 486 776 524 vivit,
805 486 945 516 exsulem
973 487 1108 525 ignorat,

427 533 487 573 Qui
512 543 575 564 non
603 534 744 573 suspirat
770 534 811 565 ad
838 534 924 565 illius
952 535 1040 573 regni

552 581 766 614 Felicitatem.

435 669 460 701 Ο
488 669 514 699 si
541 668 611 708 quis
638 672 746 708 posset
772 669 803 700 in
830 669 938 708 palato
966 669 1072 700 cordis

431 717 522 748 Illius
549 717 638 756 regni
665 717 776 756 epulas
803 717 934 757 sentire,

430 764 605 804 Sperneret
632 768 756 802 cuncta,
785 774 866 804 quae
891 765 1029 797 iucunda
1058 775 1209 804 praesens

552 814 624 844 Vita
651 814 814 846 mentitur.

430 900 498 931 Nec
527 901 641 931 mirum
670 904 786 938 tamen,
814 901 841 931 si
867 904 996 932 notatur
1022 910 1100 940 opus

428 949 490 980 Pro
516 952 682 979 creaturae
709 949 822 979 merito
850 948 1047 983 distinctum,

426 997 525 1028 Bonis
552 1001 583 1027 et
610 997 702 1027 malis
729 996 906 1036 mediisque
933 997 1050 1027 trinum

549 1045 634 1075 Ante
661 1048 819 1085 paratum.

428 1131 509 1162 Nam
538 1131 670 1168 eaelum,
698 1134 786 1162 terra
812 1129 1020 1170 infernusque
1047 1131 1139 1161 simul

425 1179 637 1211 Considerata
665 1179 790 1218 singula
818 1178 1049 1215 demonstrant,

424 1227 507 1259 Dum
533 1228 565 1258 in
594 1230 741 1266 respectu
767 1227 885 1266 singuli
912 1230 1066 1266 pensatur

548 1275 714 1314 singulum
740 1274 899 1314 quodque.

427 1360 576 1393 Infernus
602 1360 689 1392 infra
715 1361 917 1392 tenebrarum
945 1361 1043 1401 locus,

423 1410 571 1450 Desuper
599 1409 721 1440 caelum
748 1409 876 1440 luminis
902 1410 1042 1448 superni,

422 1458 532 1489 Media
558 1467 691 1489 maneus
717 1457 820 1495 arida,
848 1458 1023 1488 communis

547 1507 635 1538 Inter
661 1510 840 1545 utrumque.

427 1592 577 1625 Infernas
603 1602 738 1632 nequam
766 1592 896 1632 angelos
922 1592 1069 1630 includit,

424 1642 568 1681 Regnum
595 1650 768 1680 supernum
795 1640 928 1680 spiritns
954 1640 1077 1679 beatos,

423 1690 525 1721 Terra
551 1689 711 1728 serpentis
738 1689 914 1720 sauciatum
941 1698 996 1720 ore

548 1737 656 1769 Genus
683 1737 864 1769 humanum.

432 1824 498 1854 Iam
525 1823 552 1853 si
578 1826 750 1862 quaeratur
776 1823 971 1862 singulorum
999 1826 1112 1859 status,

426 1871 596 1903 Tartarum
623 1870 716 1901 simul
743 1874 838 1910 atque
865 1871 1049 1910 paradisum

425 1919 581 1952 Crederet
609 1918 772 1957 mundum,
799 1919 853 1959 qui
880 1918 942 1950 duo
971 1919 1099 1951 diversa

549 1966 840 2006 Contemplaretur.

430 2051 511 2084 Nam
538 2050 570 2082 in
598 2052 747 2090 respectu
772 2049 834 2081 loci
860 2049 1064 2081 tenebrarum

424 2099 567 2132 Mundus
593 2098 644 2129 hic
672 2096 771 2129 fallax
798 2098 942 2129 creditur
967 2107 1131 2140 amoenus,

423 2148 513 2181 Caeli
540 2149 688 2186 respectu
715 2145 901 2177 barathrum
928 2149 1058 2186 putatur

548 2195 591 2227 Et
616 2195 685 2226 iure
711 2194 850 2234 quidem.

429 2278 532 2311 Vallis
558 2277 637 2308 haec
664 2284 799 2315 namque
826 2275 912 2307 dicta
938 2275 1153 2314 lacrimarum,

424 2326 590 2359 Lacrimas
617 2327 788 2364 praestans
814 2323 1002 2365 parentibus
1029 2324 1152 2364 primis.

424 2376 556 2409 Omnem
585 2382 715 2404 suorum
742 2371 879 2404 filiorum
905 2372 1031 2404 turbam

572 2421 669 2455 Flere
697 2420 810 2461 coegit.
