1651 2680
170 168 201 199 5.
230 164 377 197 Salutare
403 163 542 204 Domini,
859 167 891 199 6.
919 165 1015 206 Vagit
1040 163 1149 198 infans
1174 165 1303 197 inclitus

229 213 321 252 Quod
348 213 498 245 viderunt
522 211 663 250 termini,
915 213 953 245 In
977 214 1147 253 praesaepi
1171 214 1295 253 positus

278 261 363 292 Puer
387 263 480 292 natus
507 259 613 295 hodie,
965 262 1055 293 Inter
1077 261 1236 302 animalia,

232 307 327 340 Cuius
354 307 466 339 matris
492 306 598 347 partui
919 308 985 340 Pax
1010 308 1042 340 in
1069 309 1164 340 terris
1189 308 1351 340 hominum

230 356 427 388 Ostetricant
451 355 573 386 strenui
917 355 961 387 Et
985 360 1165 388 sanctorum
1193 355 1340 388 ordinum

280 404 367 435 Caeli
395 403 480 434 cives
507 403 623 435 curiae.
966 404 1003 436 In
1030 404 1164 435 excelsis
1190 403 1302 442 gloria.

632 528 723 568 Caro,
750 526 840 559 verbi
865 527 961 567 socia,

635 575 747 614 iungat
770 584 828 606 nos
852 575 1002 609 Alleluia.

240 690 321 717 Orat,
336 699 385 715 ms.
399 689 557 716 Caelestin.
570 688 599 715 S.
611 688 724 715 Mariae
736 687 771 714 de
779 688 911 716 Parisius
925 697 1000 716 saec.
1015 687 1058 716 15.
1070 688 1140 717 Cod.
1153 687 1294 715 Mazarin.
1306 685 1382 714 3897
1392 684 1479 721 (605).

563 877 606 907 41,
648 878 690 908 De
710 875 929 909 luem-natione
953 875 1080 908 Domini.

180 997 209 1029 1.
237 999 321 1028 Arce
348 996 474 1026 siderea
867 997 897 1029 3,
926 994 992 1026 Ibis
1018 995 1057 1025 ad
1086 994 1240 1033 virginem

285 1044 413 1075 l'lioebe
441 1043 610 1074 refulserat
972 1043 1082 1082 stirpis
1109 1041 1296 1081 Davidicae‚

238 1091 279 1124 Et
308 1091 387 1122 lueis
415 1100 509 1122 aurea
929 1091 1042 1122 Vultus
1067 1089 1195 1126 siderei,

285 1138 394 1178 globos
422 1139 588 1173 effuderat.

239 1186 316 1218 Cum
344 1192 436 1218 nocte
463 1186 569 1217 media

286 1235 440 1273 temporis
466 1234 575 1265 aderat

341 1282 406 1313 Iam
434 1282 607 1320 plenitudo.

237 1329 350 1362 Multis
377 1339 394 1360 e
421 1329 574 1360 fratribus

291 1387 369 1408 unus
397 1377 534 1418 eligitur,

242 1425 301 1456 Tot
330 1425 409 1456 caeli
437 1425 558 1456 civibus

291 1482 371 1504 unus
400 1473 558 1512 dirigitur,

243 1520 339 1560 Regis
367 1520 530 1551 obtutibus

293 1577 458 1608 praesens,
485 1568 539 1608 qui
564 1569 739 1609 quaeritur,

342 1615 410 1647 Stat
438 1615 618 1648 Fortitudo.

213 1767 220 1774 ,
247 1739 434 1772 Succinctus
460 1741 591 1773 Gabriel

293 1789 506 1825 oboedientia,

248 1835 394 1868 Summus
420 1837 629 1876 archangelus

293 1890 460 1924 promptus
486 1886 525 1916 ad
553 1885 668 1923 omnia,

247 1930 317 1963 Stat
345 1934 427 1973 regis
452 1933 579 1964 nuntius

294 1980 377 2019 regis
404 1981 539 2020 imperia

345 2029 443 2059 Ferre
469 2033 610 2068 paratus.

248 2075 370 2114 Angclc
397 2076 540 2114 Gabriel,

294 2123 406 2164 inquit,
433 2123 637 2164 progredere,

250 2170 311 2202 Fer
339 2171 400 2202 cito
425 2173 579 2213 nuntium,

296 2219 358 2250 cito
385 2221 565 2260 regredere,

248 2268 309 2300 Sed
335 2267 424 2298 brevi
451 2268 554 2308 iubeo,

295 2314 385 2347 brevi
413 2315 598 2348 charactere

343 2362 393 2395 Sis
419 2367 578 2398 oneratus.

974 1139 1089 1170 mentis
1115 1137 1291 1178 angelicae,

932 1185 1008 1218 Cum
1036 1185 1122 1217 vocis
1149 1184 1300 1224 exprimis

976 1233 1073 1265 verba
1100 1233 1286 1273 prophetiae

999 1281 1149 1321 Mystica‚
1174 1290 1262 1318 cave,

929 1329 1027 1369 Virgo
1053 1338 1093 1360 ne
1119 1329 1239 1367 timeat,

975 1377 1032 1408 sed
1059 1377 1159 1418 prolis
1186 1377 1303 1416 regiae,

932 1424 994 1457 Sed
1022 1426 1127 1456 vultus
1154 1424 1285 1464 placidi.

977 1473 1033 1504 scd
1059 1473 1193 1512 pulchra
1217 1471 1306 1507 facie,

932 1520 1041 1552 Saluta
1068 1521 1234 1560 virginem,

978 1568 1036 1600 sed
1061 1568 1119 1600 tali
1144 1568 1227 1600 serie

1026 1616 1088 1648 Dic
1114 1617 1221 1656 prior:
1248 1615 1327 1648 Are.

879 1744 911 1775 4.
937 1738 1040 1781 Virgo
1066 1741 1140 1773 dum
1166 1742 1309 1780 trepidat

983 1794 1013 1820 et
1039 1790 1124 1821 unde
1151 1790 1286 1824 veneris,

936 1837 1018 1875 Stat,
1045 1837 1164 1875 studet,
1192 1838 1320 1877 cogitat,

983 1885 1062 1926 quis,
1091 1886 1194 1926 qualis
1221 1884 1320 1916 fueris

937 1933 994 1964 Vel
1022 1933 1109 1964 cuius
1135 1933 1274 1965 nuntius.

983 1990 1022 2012 ne
1049 1981 1112 2013 cito
1138 1981 1268 2022 dixeris,

1032 2028 1095 2061 Sed
1123 2037 1199 2060 voce
1225 2030 1290 2068 pia,

937 2076 1032 2108 Stans
1059 2077 1150 2108 vultu
1175 2076 1315 2117 placido,

985 2124 1123 2156 demisso
1148 2124 1277 2164 lumine,

940 2172 1068 2203 Pudiois
1093 2172 1194 2204 oculis

984 2219 1056 2252 fixis
1081 2220 1114 2252 in
1142 2219 1274 2261 virgine,

937 2267 1104 2307 Propriam
1131 2268 1265 2308 proprio

985 2316 1156 2355 designans
1182 2316 1309 2347 nomine

1033 2363 1149 2404 Iunge:
1174 2363 1305 2398 Maria.
