1651 2680
187 187 242 220 13.

186 424 241 456 14.

185 662 239 694 15.

186 901 240 932 16.

183 1140 236 1172 17.

184 1376 238 1408 18.

183 1608 236 1640 19.

181 1842 236 1873 20.

179 2075 234 2106 2l.

708 90 968 125 —292-

269 187 332 219 Sed
358 185 419 218 Dei
444 185 631 227 sapientiae,

270 235 469 267 secretorum
497 242 559 264 non
585 233 717 275 insciae,

268 282 364 313 Patet
387 281 467 312 haec
494 281 644 320 cogitatio

270 329 341 360 Non
368 328 482 360 emissa
509 328 678 368 colloquio.

269 424 357 455 Tunc
384 423 540 454 accersito
565 423 693 455 Simone

267 472 337 503 Tali
364 471 482 502 fruitur
508 479 670 502 sermone:

269 519 314 550 Te
341 519 497 558 cogitasse
523 528 692 558 perperam

269 568 304 598 111
319 567 378 598 hoe
391 572 544 605 monstro,
564 567 648 606 quod
663 565 809 599 referam.

269 661 437 693 Debitores
464 664 553 692 erant
582 662 643 692 duo

269 709 403 741 Cuidam
432 709 490 739 diti
517 710 698 750 conspicuo,

268 758 363 788 Alter
388 757 617 796 quinquaginta
643 765 796 800 nummos,

268 805 362 836 Alter
388 804 508 835 debens
535 805 724 843 duplicatos,

268 900 327 931 His
354 908 427 930 vero
454 908 515 930 non
542 899 732 931 habentibus

266 947 333 978 Nec
360 947 497 978 reddere
524 947 704 979 valentibus

266 996 372 1026 Motus
398 995 619 1026 misericordia

265 1043 363 1074 Dives
390 1043 510 1073 dimisit
536 1044 654 1074 omnia.

265 1138 359 1170 Cuius
386 1146 461 1177 ergo
488 1137 617 1169 dilectio

265 1186 305 1217 Et
332 1185 469 1224 amplior
495 1186 622 1216 devotio

264 1233 418 1264 Exhiberi
447 1233 539 1263 debet
566 1234 605 1274 ei,

263 1280 431 1312 Dimissori
458 1284 565 1311 tantae
590 1280 661 1311 rei'?

266 1376 372 1406 Simon
398 1375 518 1413 inquit:
546 1375 663 1406 iudicio

265 1423 339 1454 Meo
364 1422 504 1462 postulat
530 1423 621 1463 ratio,

265 1471 320 1511 Ut,
348 1469 396 1501 cui
422 1469 493 1508 plus
520 1469 695 1507 dimiserat,

263 1518 340 1548 Plus
366 1516 406 1548 ab
434 1517 492 1547 hoc
517 1517 671 1548 amandus
698 1521 777 1549 erat.

262 1609 350 1639 Iesus
376 1611 478 1638 autem
508 1608 587 1638 dixit
614 1608 677 1639 ita:

262 1656 362 1687 Recte
386 1655 497 1685 reddis
522 1655 687 1694 inquisita,

263 1703 321 1734 Est
349 1702 432 1734 enim
459 1703 570 1741 procul
599 1702 695 1734 dubio

265 1751 349 1782 Huic
375 1750 568 1781 credendum
594 1750 724 1782 iudicio.

265 1841 305 1872 Et
332 1849 503 1872 conversus
529 1840 569 1871 ad
595 1840 750 1871 Mariam:

265 1889 372 1928 Vides,
399 1888 510 1929 inquit,
539 1888 749 1919 constantiam

262 1936 364 1968 Huius
390 1940 421 1966 et
447 1945 527 1975 quae
554 1935 680 1967 devotio

263 1984 311 2014 Sit
336 1985 367 2015 in
395 1984 461 2014 eius
487 1983 661 2023 obsequio?

263 2074 314 2105 Ad
340 2082 479 2105 mensam
506 2083 555 2104 me
582 2082 764 2114 vocaveras,

265 2122 366 2154 Pedes
393 2130 475 2161 aqua
499 2131 561 2153 non
587 2122 724 2161 laveras,

263 2170 351 2201 Haec
377 2173 481 2200 autem
508 2179 594 2201 meos
619 2169 760 2201 lacrimis

264 2217 365 2249 Pedes
391 2217 470 2248 lavit
494 2217 674 2249 uberrimis.

869 188 927 220 22.

871 426 926 457 23.

869 663 925 695 24.

869 902 923 934 25.

866 1139 920 1172 26.

865 1842 920 1874 29.

864 2074 919 2108 30.

952 187 1025 220 Non
1051 196 1084 219 es
1110 186 1244 227 largitus
1270 184 1392 222 oscula,

953 235 1017 267 Sed
1042 235 1132 277 haec,
1158 235 1190 266 in
1216 233 1300 266 votis
1326 231 1449 271 sedula,

952 282 1101 315 Sedentis
1127 292 1197 314 cum
1222 278 1459 322 prandentibus

953 330 1051 362 Dedit
1077 331 1187 363 oscula
1211 329 1361 370 pedibus,

953 425 1026 457 Non
1051 426 1121 458 oleo
1147 424 1320 466 perfudisti

954 473 1057 513 Caput
1081 483 1185 504 meum
1211 473 1262 504 vel
1289 471 1420 513 unxisti,

953 521 1043 552 Haec
1064 521 1205 560 pretioso
1230 521 1368 560 unguine

955 567 1024 599 Non
1053 572 1157 600 cessat
1182 569 1282 608 pedes
1307 575 1436 607 ungere.

953 664 1129 702 Propterea
1156 663 1227 695 dico
1253 663 1331 695 tibi:

953 711 1111 742 Plurimas
1138 711 1266 742 remitto
1291 711 1353 742 sibi

952 758 1168 790 Enormitates
1195 759 1362 790 scelerum.

953 806 1032 845 Quia
1059 807 1173 838 dilexit
1197 807 1338 838 nimium.

951 900 1012 939 Qui
1041 909 1115 932 vero
1141 901 1244 932 minus
1271 901 1413 932 cernitur

950 947 1088 985 Debere,
1116 957 1186 979 cum
1212 949 1397 990 remittitur,

953 997 995 1029 Ut
1022 996 1154 1027 rationis
1181 996 1279 1036 exigit

950 1043 1051 1085 Lima,
1080 1048 1111 1075 et
1135 1044 1239 1075 minus
1267 1044 1381 1083 diligit.

949 1139 991 1170 Et
1016 1139 1159 1178 loquitur
1184 1139 1225 1170 ad
1252 1140 1390 1170 Mariam

948 1187 1158 1224 Quaerentem
1185 1186 1291 1218 flendo
1318 1187 1462 1218 veniam:

949 1235 1053 1266 Datur
1078 1234 1137 1265 tibi
1166 1235 1319 1275 remissio,

950 1282 1040 1313 Vade
1066 1290 1134 1312 cum
1162 1283 1251 1321 pacis
1276 1281 1403 1321 gaudio.

912 1402 919 1409 .
947 1376 972 1408 O
998 1376 1187 1407 admiranda
1214 1376 1329 1415 pietas.

946 1423 972 1455 Ο
998 1423 1216 1462 praedicanda
1240 1424 1375 1463 bonitaS,

947 1471 1042 1503 Cuius
1068 1480 1207 1510 superna
1233 1473 1336 1511 gratia

945 1517 1047 1549 Tanta
1073 1518 1109 1549 fit
1135 1519 1345 1559 indulgentia.

914 1633 921 1640 .
949 1608 973 1640 Ο
1000 1617 1091 1648 quam
1119 1614 1229 1640 sancta
1254 1611 1398 1649 mutatio,

948 1656 1047 1694 Quam
1075 1657 1235 1689 excellens
1261 1659 1440 1697 provectio,

949 1704 1035 1742 Quae
1058 1710 1214 1744 purgatur
1239 1707 1436 1746 criminibus,

947 1752 1014 1783 lam
1041 1759 1173 1784 ornatur
1200 1754 1384 1786 virtutibus.

948 1842 972 1873 O
999 1842 1104 1873 Maria
1129 1843 1336 1885 Magdalena,

947 1889 991 1920 Te
1017 1899 1215 1932 quaesumus,
1243 1896 1277 1923 ut
1305 1893 1465 1926 obscaena

945 1937 1064 1968 Mentis
1091 1944 1219 1970 nostrae
1246 1941 1369 1972 diluere

946 1984 1093 2016 Festines
1119 1995 1248 2025 precum
1276 1998 1419 2030 munere,

946 2073 989 2106 Ut
1015 2075 1176 2114 propulsis
1203 2078 1391 2111 criminibus

946 2122 1024 2153 Tuis
1050 2123 1169 2154 sedulis
1196 2127 1347 2164 precibus

946 2169 1012 2200 Nos
1040 2169 1150 2202 divina
1176 2173 1344 2207 clementia

947 2218 1107 2249 perducat
1132 2219 1174 2250 ad
1201 2222 1362 2256 caelestia.

256 2307 375 2335 Collect.
397 2315 450 2333 ωε.
472 2306 501 2333 S.
522 2307 635 2334 Mariae
656 2307 691 2334 de
713 2305 892 2334 Camberone
913 2315 988 2334 saec.
1012 2304 1056 2334 13.
1091 2307 1162 2335 eod.
1184 2309 1354 2340 Bruxellen.
1376 2314 1414 2347 11,
1436 2312 1493 2343 954

175 2345 264 2380 (Phil.
285 2344 359 2379 349).
380 2360 417 2363 —
438 2343 470 2377 4,
495 2344 515 2372 4
535 2347 583 2374 Ut.
604 2360 642 2364 —
665 2343 753 2378 11,3
773 2354 816 2380 sq.
837 2344 886 2372 hie
905 2346 988 2372 foret.
1008 2360 1047 2364 —
1067 2343 1118 2379 20,
1141 2344 1158 2372 2
1179 2356 1222 2383 sq.
1244 2348 1333 2378 huius
1353 2356 1490 2380 constan-

178 2385 259 2411 tiam.
281 2399 317 2403 -
339 2383 384 2418 25,
405 2381 422 2410 3
443 2392 486 2419 sq.
507 2383 580 2411 lima.
599 2384 699 2420 exigit.
721 2398 757 2403 —
778 2382 824 2417 25,
844 2382 864 2411 4
883 2387 912 2412 et
928 2384 1008 2411 fehlt.
