1651 2680
191 209 234 242 19

192 439 246 472 20.

191 668 248 700 21.

195 898 250 930 22.

194 1126 250 1157 23.

197 1354 252 1386 24.

197 1582 251 1614 25.

195 1811 249 1842 26.

194 2034 250 2067 27.

197 2258 253 2291 28.

701 132 744 138 —
795 112 956 148 180-

274 208 369 240 Lucis
395 210 508 241 solaris
533 208 651 241 artifex

274 256 338 288 Sub
365 257 431 288 sole
456 257 548 289 homo
576 257 678 289 factus
705 260 753 289 est

271 304 323 339 Et.
350 305 402 343 qui
428 306 548 336 creavit
573 306 688 344 omnia,

272 352 408 384 creatur
431 353 515 384 inter
540 354 655 386 omnia.

274 438 335 476 Qui
360 444 429 470 erat
454 439 521 470 sine
547 445 698 478 tempore,

273 486 474 518 Humanatur
498 487 531 518 in
557 491 710 529 tempore,

273 533 314 565 Et
341 535 471 566 verbum
498 535 658 566 invisibile

274 581 334 612 Per
359 591 485 613 carnem
510 582 545 613 fit
572 583 708 614 visibile.

277 668 318 700 Ut
347 676 440 700 sexus
466 669 567 700 omnis
594 669 740 708 gaudeat,

276 715 317 747 Ut
346 716 404 747 Dei
431 717 542 747 laudes
568 716 698 755 ambiat.

275 763 357 794 Puer
382 764 446 802 ille,
474 764 527 803 qui
551 764 702 805 nascitur,

275 811 416 851 Femina,
445 813 529 842 unde
554 812 705 843 nascitur.

280 897 431 928 Laetetur
457 907 530 937 ergo
553 896 680 937 femina,

277 944 340 975 Sua
366 946 531 976 solvuntur
555 945 707 983 crimina3

275 993 365 1030 Quod
398 994 428 1024 in
455 994 525 1024 Eva
557 998 722 1032 peccatum
749 995 808 1031 est,

277 1040 310 1070 ln
339 1040 441 1071 Maria
469 1042 617 1071 donatum
647 1044 704 1072 est.

279 1125 375 1164 Virgo
401 1134 480 1165 quae
505 1131 590 1157 caret
619 1127 751 1167 macula,

278 1173 384 1204 'l‘ersit
409 1173 476 1204 eius
503 1174 638 1212 piacula,

277 1220 383 1251 Mater
409 1230 466 1260 per
492 1230 580 1251 suum
607 1220 706 1251 tilium

278 1267 365 1298 Evae
390 1269 459 1299 tulit
486 1268 704 1308 opprobrium.

280 1355 377 1390 Quam
405 1353 574 1384 benedicta
600 1353 688 1392 virgo
715 1361 747 1383 es

279 1401 368 1431 Inter
393 1410 501 1431 omnes
525 1401 684 1440 mulieres,

280 1448 365 1486 Quae
391 1449 560 1479 mediatrix
588 1447 674 1479 facta
699 1456 732 1478 es

277 1496 364 1526 Inter
388 1496 487 1527 Deum
516 1500 545 1526 et
570 1496 729 1527 homines!

278 1582 374 1619 Quam
404 1590 504 1619 capax
532 1585 603 1611 tuus
628 1585 748 1621 uterus,

279 1629 376 1666 Quam
404 1638 534 1668 magnus
553 1628 641 1659 urbis
659 1629 807 1672 ambitus,

277 1676 343 1714 Quo
369 1675 455 1707 Deus
482 1680 512 1706 et
540 1676 674 1707 ccclesia

280 1723 370 1754 Laeti
397 1723 560 1754 celebrant
586 1724 728 1763 nuptias!

280 1812 376 1847 Quam
404 1810 487 1840 laeta
513 1809 591 1840 haec
619 1810 762 1849 coniugia

278 1856 318 1888 Et
345 1863 463 1897 quanta
488 1857 582 1896 plena
609 1858 721 1896 gratia,

278 1904 341 1937 Ubi
367 1914 510 1945 sponsus,
539 1905 591 1944 qui
618 1905 711 1941 lilius,

280 1953 374 1984 Pater
402 1958 429 1983 ct
459 1953 526 1992 ipse
551 1953 712 1984 dominus!

277 2034 335 2071 Qui
362 2034 422 2065 sibi
448 2039 580 2065 matrem
607 2034 706 2073 eligit,

279 2081 433 2120 Sponsam
460 2082 593 2112 eandem
616 2082 752 2121 perficit,

279 2129 327 2160 Ex
356 2130 422 2160 eius
447 2134 535 2161 ortus
562 2131 680 2161 semine

279 2176 342 2208 Suo
369 2177 515 2208 lustravit
542 2178 704 2217 sanguine.

280 2258 375 2289 Tanti
401 2269 548 2298 pompam
575 2259 718 2299 mysterii

282 2306 373 2336 Laeti
400 2308 562 2338 celebrant
588 2307 702 2347 angeli,

281 2353 363 2385 Dum
395 2355 457 2386 [leo
485 2361 599 2387 canunt
625 2355 756 2395 gloriam

281 2402 452 2442 'l'errisque
476 2412 585 2443 pacem
613 2403 770 2437 nuntiant.

876 210 933 243 29.

876 439 934 472 30.

883 668 937 701 31.

883 897 939 930 32.

883 1125 937 1157 33.

883 1354 938 1386 34.

883 1582 937 1614 35.

884 1811 940 1843 36.

887 2035 940 2068 37.

886 2261 939 2293 38.

959 210 1003 242 Et
1028 214 1073 248 tu,
1100 214 1202 242 mater
1227 207 1439 249 sanctissima,

962 258 1061 298 Virgo
1085 257 1323 299 gloriosissima,

961 306 1044 337 Dum
1071 306 1163 337 sedes
1185 305 1227 337 ad
1253 303 1453 345 praesaepia,

959 353 1074 385 Cantas
1100 353 1314 394 epithalamia.

963 439 1000 471 In
1025 438 1124 470 iubilo
1149 439 1293 479 psalterii

963 488 1137 526 Assumpta
1161 487 1237 518 tuba
1263 486 1375 518 ductili

961 534 1053 566 Dulci
1078 539 1171 566 cantu
1195 539 1227 565 et
1253 533 1390 574 supplici

962 582 1093 622 Vagitus
1117 586 1206 613 tenes
1228 583 1330 621 pueri.

967 669 1064 706 Quam
1091 668 1175 699 laeta
1200 667 1434 709 tympanistria,

963 716 1049 755 Quae
1075 725 1131 746 sua
1157 718 1239 747 canit
1264 715 1389 755 gaudia,

965 763 1053 794 Inter
1078 772 1135 794 sua
1159 763 1305 794 convivia

967 810 1081 842 Sancta
1109 811 1259 842 discurrit
1284 810 1413 842 saltria!

967 896 1065 928 Laeta
1090 900 1195 936 stupet
1221 897 1383 937 mysterio,

964 945 1031 984 Quo
1056 947 1158 975 mater
1183 943 1271 975 nubit
1298 943 1374 984 filio,

965 991 1030 1025 Ubi
1055 992 1171 1022 ancilla
1198 991 1324 1022 domino

966 1039 1007 1070 Et
1034 1039 1160 1070 humilis
1185 1039 1350 1070 altissimo.

965 1125 1148 1164 Quicunque
1175 1124 1250 1155 fidei
1275 1124 1412 1155 brachiis

967 1173 1027 1203 Dei
1055 1173 1172 1204 cultum
1200 1172 1412 1211 amplecteris,

965 1220 1098 1251 Tantam
1124 1229 1224 1259 pensa
1249 1220 1423 1259 potentiam

965 1267 1005 1298 Et
1032 1268 1192 1300 admirare
1215 1268 1359 1306 gratiam.

966 1353 1013 1384 Tu
1039 1362 1101 1384 non
1127 1362 1207 1389 eras,
1236 1354 1355 1384 creavit
1381 1357 1422 1391 te,

965 1401 1013 1431 Tu
1039 1401 1147 1440 lapsus
1173 1409 1216 1438 es,
1243 1401 1343 1431 erexit
1369 1404 1411 1439 te,

964 1449 1007 1480 Ut
1033 1448 1122 1479 dives
1149 1449 1235 1479 eaelo
1260 1447 1364 1487 fieres,

966 1497 1000 1527 ln
1027 1500 1112 1527 terra
1138 1505 1260 1536 pauper
1286 1495 1388 1527 factus
1414 1500 1472 1528 est.

966 1581 1066 1612 Terra
1091 1582 1207 1614 transit
1231 1582 1263 1613 in
1290 1582 1459 1623 hominem,

963 1629 1066 1660 Homo
1090 1629 1123 1660 in
1149 1629 1209 1660 Dei
1235 1629 1387 1671 subolem,

966 1677 1009 1708 Ut
1034 1677 1126 1708 homo
1151 1677 1237 1708 Deus
1263 1676 1363 1712 tieret.

966 1725 1050 1756 Deus
1077 1725 1168 1756 homo
1195 1724 1323 1756 effectus
1351 1731 1409 1758 est.

967 1812 1143 1843 Assumens
1169 1812 1274 1842 carnis
1300 1813 1432 1852 pallium

965 1858 1077 1890 Carnis
1103 1860 1239 1891 extinxit
1265 1851 1386 1902 vilium,

963 1906 1060 1937 Seeus
1087 1907 1239 1938 decursus
1261 1906 1424 1940 fluminum

966 1954 1098 1994 Lignum
1127 1954 1185 1986 fuit
1210 1955 1434 1990 firmissimum.

969 2035 1116 2067 Exsultat
1144 2036 1236 2068 fortis
1261 2042 1295 2069 ut
1321 2038 1409 2078 gigas

964 2083 1078 2114 Mundi
1104 2093 1295 2124 percurrens
1321 2087 1460 2123 semitas,

967 2130 1029 2162 Suo
1056 2133 1200 2171 exemplo
1227 2143 1355 2165 currere

965 2179 1007 2210 Et
1037 2181 1188 2211 mundum
1216 2181 1333 2212 docens
1360 2182 1498 2214 vincere.

968 2261 1004 2292 ln
1028 2262 1141 2292 summi
1167 2263 1268 2301 patris
1295 2263 1388 2294 vinca

967 2309 1049 2340 vitis
1076 2307 1135 2340 fuit
1162 2311 1364 2349 plenissima3

967 2356 1063 2388 ludas
1089 2366 1146 2396 per
1172 2359 1339 2390 avaritiam

966 2404 1123 2436 Distraxit
1151 2406 1232 2438 hanc
1257 2407 1460 2440 vindemiam.
