1651 2680
706 113 944 148 -95-

656 229 720 262 Ad
764 229 986 269 Vesperas.

422 331 428 337 .
455 305 561 337 Luctu
586 315 695 338 amaro
721 305 789 337 noti
814 305 1026 337 lamentantes

456 351 666 385 Deficientem
692 356 826 385 matrem
853 353 1056 394 comitantur,

456 401 529 432 Iesu
553 404 661 434 astare
687 399 755 432 fere
779 409 842 432 non
869 401 1023 440 valentes,

551 449 673 481 Terrae
698 451 894 483 sternuntur.

423 581 432 590 .
459 556 550 587 Iesus
577 553 747 586 defunctus
772 563 856 586 nunc
882 555 1100 592 annuntiatur,

457 603 574 643 loseph
600 603 738 635 Pilatum
766 602 904 642 supplex
932 602 1136 644 deprecatur,

458 651 621 683 Mortuum
648 650 761 682 saltem
789 659 883 682 cruce
910 650 1133 690 deponendum

553 698 596 731 Ut
623 698 830 731 concedatur.

423 829 430 838 .
459 805 592 837 Praeses
617 804 754 836 miratur
779 805 885 837 Iesum
911 804 974 836 iam
1000 804 1114 842 obisse,

458 852 663 887 certificatur
688 862 707 884 a
733 853 929 895 centurione,

460 901 647 941 Corpusque
677 901 772 932 datur
798 910 857 940 pro
883 900 1098 932 sollemnitate

554 949 790 989 Sepeliendum.

424 1081 430 1087 .
459 1056 562 1086 Iesum
592 1054 685 1086 amici
712 1054 764 1094 pie
790 1060 826 1086 ut
853 1054 1027 1095 deponunt,

459 1103 588 1143 Recipit
614 1103 698 1134 alma
724 1102 813 1142 virgo
839 1102 923 1133 inter
948 1102 1052 1142 ulnas,

459 1151 586 1191 Oraque
612 1154 708 1182 ruunt
734 1150 896 1182 clavorum
923 1149 1034 1181 fixuris

555 1198 608 1230 Ad
634 1198 853 1230 osculandum.

425 1330 433 1338 .
460 1304 601 1345 Ungitur
625 1304 714 1336 Iesus
740 1304 892 1335 murratis
918 1304 1098 1344 unguentis,

459 1353 576 1385 Matris
602 1352 729 1384 lavatur
755 1353 846 1392 aquis
872 1352 1100 1393 gemebundae,

458 1401 541 1433 Dum
568 1400 743 1432 reclinatur
769 1400 895 1432 casibus
921 1400 1059 1440 obliquis

555 1449 659 1488 Super
685 1449 846 1480 dilectum.

429 1579 434 1586 .
462 1555 487 1587 O
513 1563 591 1594 quos
618 1555 786 1594 singultus,
813 1555 913 1595 virgo,
942 1555 1105 1594 protulisti

460 1603 598 1634 Vulnera
625 1606 766 1634 tractans
793 1603 865 1634 Iesu
891 1602 1024 1642 iugulati

459 1652 566 1691 Atque
592 1651 811 1690 contemplans
836 1651 936 1683 tantis
962 1651 1122 1690 aperturis

555 1699 637 1731 Esse
664 1697 863 1731 confossum!

427 1821 434 1829 .
460 1795 578 1828 Matris
603 1796 720 1827 amaris
747 1796 864 1827 osculis
890 1795 1032 1835 acceptis

459 1844 584 1875 Linteis
611 1845 699 1875 Iesus
726 1844 896 1883 colligatur
922 1844 1048 1875 mundis

460 1893 497 1924 In
523 1896 728 1925 monumento
754 1891 881 1923 fletibus
908 1892 1075 1923 immensis

554 1942 604 1973 Ac
631 1941 817 1972 collocatur.

427 2064 435 2072 .
463 2036 549 2069 Saxo
575 2037 755 2077 sepulcrum
784 2037 856 2068 Iesu
882 2036 1061 2074 obseratur,

460 2085 614 2126 Orphana
640 2088 743 2117 mater
768 2094 786 2116 o
813 2094 906 2125 quam
933 2084 1092 2123 anxiatur,

461 2134 610 2166 Consono
636 2132 712 2165 fietu
737 2137 828 2164 coetu
855 2133 1023 2164 mulierum

557 2182 744 2214 Associata!

426 2304 434 2313 .
462 2279 575 2310 Finem
604 2278 743 2310 donante
770 2278 822 2309 die
851 2278 1001 2310 dolorosa

460 2327 599 2359 Ducitur
625 2327 752 2358 domum
777 2327 849 2358 Iesu
877 2325 1041 2363 destituta,

461 2375 582 2408 Gressu
608 2378 741 2406 nutante
766 2375 884 2406 umeris
910 2377 1057 2406 notorum

560 2423 784 2464 Superinnixa.
