1651 2680
669 90 715 97 -
765 35 929 107 281⁹)—

553 171 620 202 243.
664 173 704 202 De
724 174 834 202 nancta
856 171 1046 203 Kamul-ina.

159 253 189 283 1.
218 250 316 281 Plebs
342 249 448 280 fidelis
475 253 506 279 et
532 251 658 290 devota,
850 251 882 283 4.
911 251 1001 283 Felix
1027 252 1090 282 ista
1115 249 1304 290 Katherina‚

217 297 427 328 Katherinam
455 301 560 328 mente
587 300 655 328 tota
908 298 1007 330 Plena
1031 297 1135 338 gratia
1161 296 1279 337 divina,

217 344 342 375 Laudet
369 344 476 382 istam,
505 353 575 375 cum
600 345 643 375 sit
668 349 744 376 nota
910 346 1086 385 Tamquam
1111 345 1206 375 stella
1230 343 1387 376 matutina

266 391 411 433 Angelis,
438 392 628 425 hominibus.
957 393 1059 424 Micat
1082 392 1115 423 in
1141 391 1342 428 caelestibus

220 440 304 470 Istae
328 439 439 471 laudes
466 439 664 471 Katherinae
909 440 1005 472 Cuius
1032 449 1147 480 corpus
1173 440 1369 481 honoratum,

220 488 317 525 Quasi
345 487 454 518 dulces
481 487 659 519 medicinae
911 487 1086 527 virginale,
1116 491 1179 519 tam
1206 486 1343 525 beatum,

221 534 323 566 Nobis
351 536 475 574 prosint
500 536 568 567 sine
594 534 655 567 fine
910 536 970 568 Est
994 536 1027 566 in
1053 535 1141 567 Sinai
1168 535 1306 567 delatum

268 584 375 623 Ipsam
403 583 621 623 diligentibus.
959 584 1153 624 Angelorum
1178 583 1333 614 manibus.

162 673 193 703 2.
221 670 323 709 Quam
354 669 474 705 felices,
501 671 554 710 qui
573 670 632 701 hoc
650 669 782 708 audent,
855 673 886 703 5.
917 670 1104 708 Katherina‚
1132 674 1234 702 mater
1258 671 1322 711 pia,

223 718 437 750 Katherinam
465 719 491 749 si
519 718 701 750 collaudent
914 719 993 750 Esto
1018 718 1110 750 nobis
1137 719 1201 750 dux
1227 723 1259 749 et
1282 719 1344 754 via,

222 766 291 798 Nec
319 766 359 799 ab
387 768 454 798 eius
481 776 514 798 se
542 765 735 798 defraudent
913 767 948 798 In
976 766 1105 798 caelesti
1132 766 1311 798 hierarchia

268 815 420 847 Maximis
446 815 585 846 auxiliis.
962 814 1027 845 Nos
1054 814 1193 855 gaudere
1220 812 1328 845 facias.

224 864 248 895 O
274 873 368 903 quani
397 863 489 895 fortis
517 868 562 894 est
590 863 719 894 inventa
915 863 1083 902 Sapientes
1110 863 1294 894 convertisti

226 913 313 943 Inter
339 922 454 952 aspera
480 916 648 953 tormenta,
913 911 965 942 Ad
990 910 1114 942 beatam
1139 910 1233 942 fidem
1261 909 1390 949 Christi,

224 960 320 991 Cuius
347 960 491 990 membra
516 963 589 991 sunt
618 960 757 990 distenta
915 957 1134 990 confortando
1161 967 1239 998 quos
1265 957 1385 989 duxisti

272 1008 432 1039 Gravibus
458 1008 636 1046 suppliciis.
961 1007 1013 1038 Ad
1040 1007 1116 1038 caeli
1138 1006 1280 1037 delicias.

166 1095 196 1126 3.
225 1094 375 1125 crucifixi
404 1103 461 1132 por
487 1102 624 1125 amorem
858 1095 888 1126 6.
917 1093 1108 1129 Katherina,
1137 1093 1233 1123 decus
1260 1100 1390 1132 morum,

223 1142 310 1172 'sulit
338 1150 471 1180 poenam
499 1146 530 1172 et
556 1142 708 1181 dolorem,
915 1141 962 1172 Tu
990 1140 1126 1170 dulcedo
1153 1142 1346 1177 devotorum,

224 1188 359 1229 [Fundit
388 1190 448 1219 olei
476 1186 657 1230 liquorem,
914 1188 961 1218 Tu
989 1187 1107 1218 dilecta
1132 1187 1325 1226 angelorum,

272 1238 339 1274 Quo
365 1240 518 1267 sanantur
544 1236 698 1273 languidi,
961 1234 1011 1265 Sis
1037 1233 1127 1265 nobis
1153 1234 1304 1273 propitia.

227 1284 288 1314 Per
314 1292 406 1322 quam
435 1283 578 1313 funditus
606 1282 749 1313 mundati
911 1282 970 1313 Eia
997 1290 1080 1320 ergo.
1108 1290 1188 1320 quae
1214 1281 1354 1321 mereris,

225 1332 253 1360 A
281 1330 457 1360 foetoribus
482 1330 606 1368 peccati
910 1329 1009 1366 Quam
1034 1329 1066 1359 in
1094 1329 1182 1359 caelo
1206 1328 1343 1367 palmam
1369 1330 1470 1368 geriS.

223 1378 336 1408 Secum
362 1378 459 1407 simus
487 1377 628 1407 coronati
911 1375 976 1406 Nos
1004 1375 1180 1415 perducere
1207 1376 1347 1415 digneris

270 1424 425 1456 Claritate
453 1422 576 1462 fulgidi,
955 1422 1007 1453 Ad
1035 1427 1164 1454 aeterna
1189 1424 1315 1463 gaudia.

228 1509 333 1534 Horar.
356 1517 407 1533 uis.
430 1509 616 1534 Francis-can.
639 1516 713 1533 saec.
731 1505 774 1533 15.
809 1506 880 1533 eod.
897 1507 991 1533 Vatic.
1007 1508 1110 1543 Regin.
1129 1507 1189 1535 165.
1206 1523 1242 1526 —
1260 1508 1283 1537 1.
1305 1508 1323 1536 2
1339 1513 1467 1536 montem

148 1550 217 1572 tota.
240 1560 276 1563 -
298 1545 325 1575 4,
347 1544 364 1571 6
385 1545 576 1580 Vir-ginalem.
604 1559 635 1562 —
656 1544 681 1576 6,
704 1543 721 1570 2
741 1545 785 1571 Tu
806 1545 946 1571 ducendo.
970 1559 1002 1563 —
1026 1545 1051 1577 6,
1074 1543 1091 1572 3
1107 1546 1230 1574 dilectis.
1254 1561 1288 1565 ——
1310 1545 1338 1578 6,
1359 1545 1375 1573 5
1391 1556 1466 1582 quae

151 1584 272 1610 meritis.
295 1598 331 1601 *A
352 1583 386 1609 In
407 1583 458 1610 der
478 1583 671 1609 Handschrit't
695 1581 849 1609 f’zilschlich
872 1583 916 1609 als
937 1584 1070 1618 Sequenz
1092 1585 1273 1612 bezeichnet.

558 1694 628 1723 244.
670 1694 709 1725 De
730 1696 839 1726 saneta
862 1695 1050 1726 Kamai-ina.

663 1755 705 1781 Ad
728 1763 834 1789 parvas
858 1755 954 1784 horas.

163 1832 193 1863 1.
222 1831 246 1862 O
274 1840 365 1862 sacra
391 1832 479 1873 virgo
507 1832 622 1863 nobilis
849 1835 879 1865 2.
907 1834 1007 1865 Tuum
1037 1832 1109 1878 [per
1133 1833 1358 1879 patrocinium]

219 1879 261 1909 Et
288 1883 410 1917 martyr
436 1880 638 1920 venerabilis,
906 1882 972 1913 Fac
999 1882 1169 1920 Christum,
1199 1883 1257 1914 Dei
1282 1884 1395 1926 filium,

221 1926 377 1958 Katerina
403 1927 586 1964 laudabilis,
827 1942 829 1946 ⁴
906 1929 1005 1961 Nobis
1033 1929 1101 1962 fore
1126 1932 1311 1971 propitium,

219 1973 268 2004 Sis
295 1974 385 2006 nobis
412 1974 610 2007 favorabilis
908 1974 999 2019 [Cum
1027 1980 1150 2009 venerit
1175 1977 1355 2023 iudicium].

511 2063 542 2093 3.
569 2061 653 2100 Tibi,
680 2060 817 2099 Christe,
844 2062 886 2092 sit
911 2063 1023 2103 gloria.

570 2109 626 2141 Cui
655 2108 845 2140 benedicant
871 2111 987 2149 omnia,

571 2155 637 2188 Nos
664 2156 838 2188 Katerinae
864 2159 970 2198 gratia

568 2205 639 2236 Duc
664 2205 703 2236 ad
732 2204 811 2235 caeli
838 2206 969 2243 palatia.

222 2288 326 2314 Horar.
349 2296 402 2313 ms.
419 2289 603 2316 Francis-can.
627 2297 702 2316 saec..
726 2287 768 2315 15.
811 2288 879 2316 Cod.
895 2291 990 2318 Vatic.
1006 2292 1109 2327 Regin.
1134 2291 1196 2320 165.
1211 2307 1246 2311 —
1263 2295 1322 2323 Die
1339 2296 1466 2333 librigen

143 2327 281 2392 {lgmnen
316 2326 374 2353 nnd
410 2326 628 2361 rliythniiseheu
662 2327 851 2362 Antiphonen
882 2328 977 2356 dieses
1008 2330 1261 2367 §tundengebetes
1297 2334 1363 2361 sind
1393 2335 1466 2363 Ent-

156 2375 170 2392 e
193 2374 321 2400 nungen.

1628 135 1651 156 ,μ
1626 92 1651 120 Α
1597 0 1639 82 &A
