1651 2680
737 109 1000 147 —379—

216 201 274 238 18.
301 202 474 236 Peccatum
501 204 662 237 inhabitat

349 255 447 291 putre
472 252 579 284 carnis
606 251 693 292 folle,

300 298 394 338 Quod
419 299 454 332 in
480 308 556 331 vase
582 302 726 334 nascitur

349 355 438 378 mors
463 347 556 379 istius
582 349 676 389 ollae,

299 393 384 426 Caro
411 395 496 435 cogit
522 395 682 428 hominem

347 441 432 474 illud
459 443 553 481 velle,
581 445 686 485 nolle;

296 489 385 529 Ergo
413 498 511 529 parce
537 492 644 532 gladio

350 541 380 569 et
409 539 585 571 vindictam
612 541 699 573 tolle.

215 671 272 705 14.
298 671 397 711 Ecce,
425 673 484 705 sub
510 677 558 705 tot
582 674 728 706 hostibus

348 723 381 751 et
405 721 464 753 sub
492 725 541 753 tot
566 723 677 759 ruinis.

297 768 397 807 Quem
424 770 554 809 creasti,
581 770 728 810 Domine,

347 819 420 848 tuus
447 818 531 849 iacet
559 818 649 858 ciuis,

297 864 400 896 Tuum
427 866 562 906 plasma,
592 866 737 906 Domine,

345 922 404 944 cur
429 914 537 953 perire
563 914 668 946 sinis?

295 960 389 992 Nunc
416 959 543 1000 festina,
568 966 693 1003 tempus
720 966 780 1004 est,

344 1012 376 1039 et
401 1014 560 1041 memento
586 1010 668 1043 finis.

211 1144 267 1176 15.
294 1142 358 1173 Vix
384 1141 466 1175 bene
493 1143 641 1175 finiverat

344 1190 450 1230 pietas
476 1200 664 1229 sermonem,

291 1238 336 1270 Et
361 1243 518 1270 secretam
545 1239 712 1270 consulens

342 1286 430 1318 Deus
458 1287 624 1326 rationem,

294 1334 339 1367 Ut
366 1336 528 1374 captivum
555 1335 672 1366 liberet

341 1386 372 1413 et
401 1382 508 1414 vincat
533 1383 740 1423 praedonem,

293 1430 386 1462 Hanc
411 1430 558 1470 profudit
579 1431 702 1470 gratiae

339 1477 411 1510 fons
435 1480 631 1511 orationem:

209 1610 264 1642 16.
292 1608 348 1641 Pie
374 1617 494 1647 mones,
522 1607 600 1649 filia,

340 1658 457 1688 ceteris
483 1657 556 1696 plus
582 1660 683 1696 grata,

291 1704 383 1744 Quod
410 1708 442 1736 te
467 1709 573 1736 movet
600 1704 738 1736 hominis

342 1751 447 1785 forma
473 1752 663 1791 deformata,

291 1801 356 1833 Sed
383 1801 452 1833 sola
478 1801 602 1833 iustitia

339 1853 429 1881 tenet
454 1850 622 1881 immutata

290 1898 391 1938 Mala,
418 1906 500 1939 quae
524 1907 583 1938 per
609 1896 744 1929 hominis

338 1946 464 1986 culpam
491 1952 565 1978 sunt
591 1946 720 1978 librata.

209 2077 266 2110 17.
293 2076 409 2108 Restat
433 2081 469 2108 ut
495 2076 663 2108 consilium

339 2124 504 2164 pandatur
530 2129 700 2165 secretum,

290 2172 333 2205 Et
361 2181 453 2205 suum
478 2172 602 2204 iustitia

340 2224 500 2260 temperet
527 2222 704 2260 decretum,

290 2268 345 2309 Et,
372 2277 444 2301 cum
471 2268 725 2310 profundissime

341 2315 441 2349 fuerit
464 2317 643 2357 impletum,

293 2365 442 2398 Hominis
468 2364 648 2405 redemptio

337 2413 434 2445 finem
461 2412 547 2446 ferat
572 2413 702 2445 laetum.

912 208 968 243 18.
995 208 1134 249 Serpens
1161 211 1399 243 conculcabitur

1038 257 1123 289 iusta
1149 259 1278 300 talione,

991 304 1036 337 Ut
1061 306 1102 336 sit
1127 315 1214 338 meus
1240 306 1352 338 unicus

1040 353 1142 385 victor
1167 354 1201 385 in
1227 363 1338 394 agone,

991 400 1035 432 Et
1061 409 1123 440 pax
1150 405 1181 433 et
1207 402 1329 433 iustitia

1038 450 1195 487 praedato
1221 449 1383 490 praedone

992 495 1108 527 Osculo
1135 506 1168 528 se
1195 498 1346 537 copulant

1041 543 1095 583 pia
1119 545 1289 577 iunctione.

909 677 963 711 19.
990 677 1039 708 De
1064 682 1213 717 serpente
1239 678 1332 717 capia

1038 725 1216 765 prudenter
1241 730 1421 765 tropaeum,

992 773 1113 811 Placet,
1142 773 1226 813 quod
1254 773 1417 804 humilitas

1042 829 1138 852 carne
1164 826 1250 862 tegat
1276 820 1390 859 Deum,

992 868 1036 900 Ut
1061 872 1236 908 temptator
1262 868 1421 899 homiuum

1040 916 1221 948 invadendo
1248 925 1348 947 meum

989 964 1182 996 Innocenter
1207 964 1402 1004 opprimens,

1037 1011 1106 1042 iure
1132 1013 1249 1052 perdat
1275 1021 1356 1043 eum,

904 1145 960 1176 20.
989 1144 1085 1176 Fiant
1111 1153 1186 1184 ergo
1214 1146 1344 1184 nuptiae

1034 1195 1109 1222 nato
1137 1192 1203 1223 Deo
1230 1192 1301 1231 Dei,

987 1240 1031 1273 Ut
1057 1239 1221 1271 destructa
1248 1241 1377 1279 penitus

1034 1291 1126 1326 parte
1153 1288 1298 1320 Iebusaei

986 1335 1086 1366 Vetus
1114 1337 1225 1368 mortis
1252 1336 1389 1375 spolium

1034 1387 1234 1415 restauretur
1259 1385 1299 1423 ei,

988 1431 1184 1462 Dividantur
1211 1432 1314 1471 spolia

1035 1478 1147 1510 domus
1171 1480 1302 1518 speciei.

902 1609 958 1641 21.
985 1608 1045 1640 His
1071 1609 1224 1640 assistant
1250 1609 1369 1649 nuptiis

1034 1656 1115 1687 caeli
1141 1657 1353 1698 hierarchiae,

986 1704 1107 1736 Sonent
1132 1705 1254 1746 hymni,
1282 1706 1418 1742 cantica,

1035 1757 1148 1784 sonent
1175 1754 1394 1794 symphoniae,

987 1800 1130 1832 Verbum
1157 1802 1261 1841 patris
1288 1802 1424 1839 unicum,

1037 1849 1179 1880 eiusdem
1206 1850 1304 1890 usiae,

984 1895 1029 1928 Ut
1054 1896 1087 1927 in
1113 1897 1215 1928 vellus
1242 1897 1361 1939 pluvia,

1035 1944 1082 1975 sic
1105 1944 1284 1977 descendat
1311 1946 1374 1986 pie.

904 2075 960 2107 22.
988 2074 1025 2106 In
1049 2074 1198 2115 Aegypto
1226 2075 1379 2115 virginem

1036 2122 1195 2161 despondi
1221 2123 1353 2162 servire,

987 2171 1087 2209 Quam
1114 2172 1265 2211 antiquus
1293 2172 1418 2204 Pharao

1038 2217 1169 2251 vetabat
1194 2220 1292 2259 exire,

989 2266 1054 2298 Sub
1080 2267 1159 2305 luto,
1186 2268 1245 2300 sub
1270 2268 1372 2300 latere

1035 2314 1119 2355 cogit
1144 2316 1307 2356 oboedire,

987 2362 1032 2396 Ut
1057 2364 1188 2396 tandem
1215 2365 1256 2397 ad
1283 2366 1420 2405 patriam

1035 2411 1088 2443 vix
1113 2417 1222 2453 speret
1248 2414 1364 2445 redire.
