1651 2680
122 210 182 243 21.

122 681 180 713 22.

126 1151 181 1184 23.

123 1618 182 1650 24.

121 2087 180 2120 25.

563 115 898 160 .—35-

206 210 327 248 Hodie,
353 207 494 254 savator,

257 266 413 290 conserva
437 267 496 290 nos
521 261 552 290 et
578 268 717 300 semper,

210 305 358 338 Concede
381 306 445 338 tuis
471 305 612 349 famulis,

257 358 294 386 ut
317 357 351 384 te
376 358 562 386 reverenter

211 401 412 442 Cognoscant
431 411 542 434 verum
561 401 745 445 Dominum,

256 449 311 490 qui
336 453 451 482 cuncta
476 453 624 490 potenter

209 497 373 539 Disponis,
400 501 431 528 et
457 497 581 530 veniam

254 544 348 578 nobis
373 545 416 577 da
440 547 626 580 clementer.

208 681 253 712 Et
279 679 411 713 dimitte
435 680 602 711 criminum

255 728 388 760 noxium
414 729 564 769 ligamen,

210 777 270 817 Qui
295 777 425 808 certasti
453 776 580 808 sortiter

256 824 362 856 nobile
389 829 560 863 certamen,

209 873 321 905 Crucis
347 872 379 903 in
407 872 551 912 patibulo

256 920 380 952 solvisti
407 921 557 961 ligamen,

209 969 254 1000 Te
279 969 494 1000 esurientibus

260 1025 333 1048 vere
361 1017 419 1048 das
445 1017 596 1049 libamen.

207 1151 312 1183 Nobis
340 1150 403 1181 dux
428 1155 459 1181 et
484 1151 608 1189 semita,

256 1199 338 1230 bone
365 1199 437 1230 Iesu
463 1199 601 1240 Christe,

208 1246 258 1279 Sis
284 1249 315 1278 et
340 1246 575 1286 peccatoribus,

256 1294 404 1334 petimus,
430 1296 556 1333 assiste7

209 1343 253 1376 Ut
279 1352 298 1375 a
323 1343 466 1382 peccatis
492 1342 638 1374 omnibus

257 1395 402 1431 caveant,
429 1392 543 1422 resiste

208 1439 252 1471 Et
275 1448 401 1478 semper
428 1439 543 1471 nostris
569 1439 729 1471 mentibus

258 1487 396 1520 dulciter
421 1488 543 1520 insiste.

210 1619 327 1651 Debita
356 1619 492 1660 remitte,

256 1666 370 1708 quibus
396 1666 530 1707 obligati

211 1715 284 1747 Tibi
310 1724 416 1746 sumus
443 1714 582 1754 fortiter,

258 1768 392 1804 paterna
418 1762 555 1802 peccati,

208 1812 328 1853 Quibus
356 1812 383 1842 si
410 1811 564 1843 fuerimus

257 1870 276 1892 a
302 1865 333 1891 te
359 1859 499 1900 liberati,

211 1908 339 1940 Erimus
365 1908 407 1940 ad
433 1907 569 1949 gratiam

259 1958 321 1989 cito
348 1956 546 1997 praeparati.

207 2085 332 2120 Nostra
357 2091 432 2120 sunt
457 2087 644 2128 peccamina

256 2140 304 2168 tot
329 2140 361 2167 et
386 2140 451 2168 tam
480 2136 620 2175 diversa,

208 2185 256 2216 Ex
280 2184 503 2217 misericordia

255 2232 318 2264 nisi
346 2233 408 2265 sint
435 2240 581 2273 aspersa,

206 2280 312 2313 Nobis
336 2282 450 2322 procul
478 2279 575 2313 dnbio

253 2333 369 2370 parata
393 2333 469 2362 sunt
494 2328 650 2367 adversa;

204 2377 363 2410 Succurre
388 2378 491 2417 nobis,
518 2377 666 2418 Domine,

251 2430 388 2467 peccata
413 2426 476 2459 sint
501 2424 660 2458 abstersa.

820 214 877 246 26.

819 683 874 715 27.

818 1152 875 1184 28.

817 1620 875 1653 29.

820 2088 877 2120 30.

902 212 994 245 Sicwt
1019 213 1067 245 vis
1092 215 1124 243 et
1149 212 1281 252 expedit

952 266 985 292 et
1009 262 1092 293 sicut
1117 259 1177 291 tibi
1202 260 1319 301 placet,

903 309 977 341 Fiat
1004 310 1044 341 de
1069 307 1172 347 nobis,
1199 307 1346 348 Domine,

949 361 991 399 et,
1018 357 1046 388 si
1071 356 1179 396 lingua
1201 359 1300 397 tacet,

903 403 967 436 Cor
992 413 1093 436 meum
1121 412 1248 443 semper
1274 402 1385 442 vigilet

949 453 1163 492 operibusque
1189 454 1290 491 vacet,

902 498 1029 540 Surgat,
1056 499 1109 538 qui
1137 498 1322 530 criminibus

949 547 1111 579 involutus
1135 547 1230 578 iacet.

901 681 946 713 Et
970 691 1041 715 nos.
1069 680 1122 720 qui
1148 690 1254 711 sumus
1282 678 1425 719 fragiles,

951 730 1060 769 pravis
1086 729 1295 759 declinantes.

903 776 970 808 Fac
995 778 1028 808 in
1054 777 1116 808 tuis
1142 776 1290 807 laudibus

952 825 1052 857 fortes
1079 829 1111 855 et
1136 829 1330 862 constantes,

905 874 942 906 In
969 873 1060 905 bonis
1085 872 1236 912 operibus

951 930 1020 952 esse
1047 921 1254 959 declinantes„

904 969 1128 1009 Relinquendo
1156 969 1230 999 vitia

953 1018 1087 1048 virtutes
1114 1023 1294 1056 operantes.

902 1151 1122 1187 Βίιηίειίνηιιε,
1150 1160 1211 1190 quo
1238 1150 1355 1189 iugiter

951 1199 1103 1231 debemus
1130 1200 1268 1238 operari,

901 1247 1073 1279 studemus
1099 1247 1229 1278 assidue

950 1295 1046 1327 bruta
1071 1296 1202 1332 imitari,

902 1344 1037 1383 Semper
1064 1352 1132 1374 cum
1160 1342 1289 1374 miseria

950 1392 1106 1431 nimisque
1133 1392 1232 1429 aiv-iri.v

901 1440 1053 1473 Concede
1079 1439 1180 1472 nobis.
1212 1439 1357 1478 Domine,

948 1493 1052 1520 tecum
1080 1488 1245 1519 delectari.

901 1618 1110 1650 Debitoribus
1137 1618 1246 1650 debita

949 1676 1110 1708 nunquam
1137 1667 1329 1707 relaxamus,

902 1716 1005 1748 Immo
1031 1720 1140 1747 nostra
1167 1715 1291 1747 credita

951 1773 1084 1803 semper
1110 1764 1307 1802 postulamur<

904 1811 945 1844 Et
973 1821 1035 1843 non
1062 1812 1320 1851 persolventibus

954 1869 1072 1899 poenas
1100 1868 1342 1899 praeparamus,

905 1907 1036 1949 Signum
1064 1916 1122 1945 esi,
1150 1908 1235 1947 quod
1262 1908 1425 1948 proximos

954 1961 1043 1987 certo
1070 1965 1131 1988 non
1158 1965 1309 1989 amamus

903 2085 1036 2118 Nostris
1062 2086 1257 2118 adversariis

953 2143 1087 2174 parcere
1114 2134 1274 2175 debemus,

903 2182 993 2214 Mala
1019 2182 1232 2215 inferentibus

953 2231 1037 2263 dona
1063 2231 1265 2271 redonemus„

904 2278 966 2317 Qui
990 2288 1049 2311 nos
1074 2279 1193 2311 habent
1219 2281 1304 2316 odio,

955 2328 1093 2359 dulciter
1118 2337 1259 2360 amemus

904 2374 947 2406 Et
974 2385 1032 2415 pro
1058 2375 1104 2408 eis
1131 2376 1300 2409 Dominum

953 2424 1071 2465 iugiter
1095 2433 1231 2458 oremus,

1233 2482 1274 2510 3*
