1651 2680
692 109 953 144 -299—

598 212 664 243 276.
706 213 749 243 De
769 215 878 245 saneto
902 213 1038 244 Nieolao.

255 300 383 333 Summe
408 305 502 340 pater
528 301 674 342 Nicolae,
864 306 920 337 20.
948 304 1067 343 Quibus
1093 305 1135 337 ita
1163 305 1350 344 subvenisti,

252 349 307 381 Me
325 348 367 380 ad
381 357 538 381 summum
553 350 669 381 bonum
683 351 790 393 trahe;
948 354 993 386 Ut
1019 356 1185 385 ventorum
1212 354 1242 384 vi
1269 353 1396 384 sublata

252 396 358 429 Trahe
372 405 423 427 me
436 398 478 429 od
493 407 647 429 summum
663 398 790 439 bonum,
946 401 1047 432 Navis
1075 400 1164 432 fieret
1191 401 1333 440 salvata3

253 445 334 484 Quia
358 443 422 476 feci
447 449 478 476 te
505 450 685 485 patronum.
947 449 1035 480 Sicut
1061 449 1134 480 illas
1159 453 1225 480 tres
1251 449 1386 489 puellas,

193 496 225 527 5.
253 493 348 524 Nunc
373 496 405 523 te
431 503 520 534 rogo,
547 504 631 525 nunc
657 495 782 533 adesto,
947 496 1054 528 Modis
1081 497 1227 528 omnibus
1253 497 1403 532 misellas,

253 541 348 573 Nunc
374 550 526 573 succurre
553 542 629 573 mibi
656 546 789 583 maesto,
863 547 918 577 25.
947 544 998 576 Ab
1025 545 1147 576 incestu
1174 544 1332 576 revocasti

251 589 332 621 Dele
358 591 465 622 omnia
490 594 634 632 peccata,
945 594 1097 631 Auroque
1123 593 1340 632 locupletasti,

251 638 338 676 Quae
369 647 388 669 a
414 647 464 669 me
489 641 564 670 sunt
589 642 788 678 perpetrata.
949 640 1081 672 Animae
1108 643 1142 672 tu
1168 641 1409 671 commendatae

251 685 353 717 Simul
379 689 454 717 sunt
481 687 670 725 coadunata,
945 687 1120 720 Subvenito
1147 689 1267 728 pietate

170 734 225 767 10.
251 734 362 766 Armis
388 735 512 774 asperis
537 739 672 775 armata,
945 736 988 767 Et
1017 737 1165 776 oppresis
1192 740 1245 767 tuo
1272 736 1335 766 telo

253 781 302 814 Ob
328 781 500 814 illecebras
527 783 673 815 carnales
863 786 917 818 30.
947 783 1040 815 Vitiis
1066 792 1115 814 me
1141 793 1234 815 serva
1259 784 1346 815 caelo

251 830 368 870 Plagas
394 830 539 862 inferunt
564 831 726 869 mortales,
943 832 985 864 Et
1011 841 1070 872 per
1095 833 1197 864 undas
1224 832 1316 863 liuius
1344 831 1442 862 maris

250 878 451 918 Animaeque
477 880 661 919 peccatrici,
946 880 1024 911 Esto
1052 880 1168 912 ductor
1194 889 1282 911 meae
1309 879 1400 910 navis

248 926 390 958 Miserae
417 930 449 958 et
473 926 607 967 infelici,
944 928 1066 967 Perque
1092 931 1178 959 tuam
1205 928 1385 967 largitatem

166 975 222 1008 15.
251 974 285 1006 Si
312 983 441 1006 recusas
467 975 650 1015 subvenire,
945 976 1036 1006 Pelle
1063 985 1162 1007 meam
1191 979 1425 1016 paupertatem,

249 1022 371 1062 Nequit
397 1028 532 1055 mortem
559 1023 750 1063 praeterire.
862 1025 917 1056 35.
946 1023 989 1055 Ut
1016 1024 1151 1062 penuria
1179 1024 1304 1055 deiecta

249 1070 299 1102 Ne
326 1071 509 1102 tardaveris
535 1072 658 1111 adesse,
947 1071 1050 1110 Vique
1077 1072 1238 1103 turbinum
1267 1069 1392 1102 defecta

249 1119 330 1158 Quia
356 1119 490 1151 multum
517 1123 565 1150 est
591 1128 732 1152 necesse.
945 1119 1010 1150 Sim
1037 1124 1229 1158 praecentor
1256 1123 1328 1150 tuae
1357 1118 1461 1150 laudis

252 1167 343 1200 Sicut
369 1169 475 1198 nautis
501 1166 646 1205 adfuisti,
945 1167 1023 1199 Cum
1052 1168 1229 1207 virginibus
1258 1171 1289 1197 et,
1316 1167 1431 1198 nautis.

229 1262 352 1289 collect.
381 1270 434 1288 ms.
458 1264 682 1289 Ravennatense
711 1270 786 1289 saec.
818 1260 860 1289 12.
883 1260 991 1297 [—15].
1033 1261 1102 1288 Cod.
1125 1263 1246 1290 crassen
1278 1260 1334 1289 ⁴246
1355 1260 1432 1297 [139.
1455 1261 1481 1288 3.

153 1299 202 1337 Ι).]
224 1316 260 1320 -
284 1299 322 1327 26
343 1301 588 1337 collocupletasti.
611 1315 643 1319 —
665 1298 701 1326 29
723 1302 866 1336 oppressi.

594 1433 658 1462 277.
701 1431 742 1462 De
765 1434 872 1462 sancto
895 1431 1030 1462 Nicolao.

166 1525 196 1557 1.
225 1523 380 1564 copiosae
406 1524 551 1556 caritatis
859 1525 890 1556 3.
919 1523 1100 1556 Suscitator
1128 1524 1330 1559 clericorum,

271 1572 405 1604 Nicolae
431 1570 588 1612 pontifex,
967 1571 1076 1611 Signis
1103 1571 1317 1609 admirabilis,

222 1621 302 1652 Esto
328 1629 418 1651 meae
443 1620 614 1660 parvitatis
919 1619 997 1657 Fac,
1025 1629 1044 1650 a
1069 1623 1172 1651 morte
1200 1623 1402 1658 peccatorum

272 1669 428 1708 copiosus
455 1667 576 1708 opifex,
967 1668 1100 1707 Surgam
1129 1677 1202 1699 reus
1228 1666 1364 1708 flebilis3

224 1717 273 1748 Ne
299 1725 349 1748 me
376 1716 506 1748 damnet
531 1726 591 1756 pro
618 1715 759 1755 peccatis
918 1716 1057 1755 Copiosa
1083 1716 1269 1747 meritorum

269 1764 385 1797 Mundi
411 1774 551 1797 summus
577 1762 706 1800 artifex,
968 1764 1041 1795 Vita
1066 1764 1309 1803 praedicabilis,

219 1814 261 1846 Et
289 1818 464 1845 tormentet
487 1823 557 1846 cum
588 1812 747 1844 damnatis
918 1812 996 1849 Fac,
1025 1821 1158 1852 operum
1188 1813 1246 1843 sim
1275 1812 1427 1843 bonorum

272 1861 469 1894 Gehennalis
497 1859 654 1893 carnifex.
964 1861 1048 1892 Actu
1076 1860 1351 1894 commendabilis.

162 1961 193 1993 2.
222 1958 284 1999 Qui
310 1958 343 1990 in
371 1959 460 1990 cunis
486 1957 636 1990 ieiunasti
857 1959 889 1989 4.
920 1958 1018 1996 Quem
1046 1965 1107 1987 vox
1135 1957 1315 1997 designavit
1342 1956 1399 1988 Dei

271 2007 405 2047 Quarta,
431 2010 524 2039 sexta.
549 2005 641 2047 feria,
971 2005 1109 2044 Dignum
1135 2004 1311 2045 pontificio,

222 2055 284 2096 Da,
310 2061 347 2088 ut
372 2055 494 2088 ventris
521 2063 618 2095 parce
644 2054 731 2095 pasti
922 2053 1127 2085 Dissolvatur
1153 2062 1211 2093 per
1238 2057 1269 2084 te
1295 2053 1356 2084 mei

271 2104 401 2136 Firmer
426 2103 641 2142 abstinentia;
970 2101 1089 2133 Reatus
1116 2102 1236 2142 ligatiO,

223 2153 284 2192 Qui
309 2151 436 2192 puellas
460 2151 608 2184 liberasti
925 2150 1040 2190 Plagas
1066 2154 1162 2190 atque
1188 2149 1317 2181 morbos
1344 2150 1389 2181 rei

276 2200 391 2233 Carnis
417 2210 437 2232 a
462 2199 630 2240 spurcitia,
970 2198 1038 2229 'l‘ua
1065 2203 1154 2229 sanet
1181 2198 1299 2238 unctio,

224 2249 286 2288 Da,
312 2252 349 2280 ut
375 2247 466 2282 fruar
492 2247 600 2280 cordis
626 2247 706 2278 casti
924 2246 968 2278 Et
994 2246 1035 2277 ad
1062 2251 1188 2285 portum
1217 2247 1338 2286 requiei

270 2297 448 2337 carnisque
475 2295 644 2328 munditia.
966 2294 1071 2326 Ducat
1098 2293 1290 2329 benedictio,

227 2393 349 2423 Collect.
372 2401 424 2420 ms.
445 2393 476 2421 S.
497 2392 575 2428 Lupi
596 2391 718 2418 Trecen.
739 2399 815 2419 saec.
836 2388 894 2427 [10.
918 2388 958 2426 et]
982 2388 1026 2417 11.
1068 2389 1137 2418 Cod.
1158 2391 1279 2418 Trecen.
1307 2388 1389 2417 1170.
1414 2389 1479 2417 add.

148 2443 225 2463 saec.
249 2431 293 2461 12.
315 2447 348 2452 -
371 2430 394 2465 1,
416 2430 435 2460 3
455 2431 607 2468 parvitati.
629 2445 665 2449 —
686 2427 714 2462 3,
735 2428 753 2457 5
775 2429 910 2466 Copiose.
932 2444 967 2448 —
990 2427 1017 2459 4.
1039 2427 1051 2456 1
1074 2429 1243 2466 designavit
1263 2430 1328 2456 Dei.
