1651 2680
691 92 945 128 —183—

194 191 228 222 5.
255 190 336 230 Ave,
361 189 451 228 virgo
477 189 671 228 praeelecta,

259 237 318 269 Dei
342 237 489 277 genetrix
516 236 639 277 effecta,

256 287 335 324 Ave,
362 285 447 316 omni
471 284 545 316 labe
571 295 662 325 pura,

254 332 442 372 Desperatis
468 342 542 372 spes
569 333 688 365 futura.

194 401 226 434 6.
255 401 333 437 Ave,
361 399 450 439 virgo
475 400 678 439 admiranda,

254 448 318 479 lam
344 456 364 478 a
389 448 511 479 cunctis
537 448 730 485 veneranda,

252 497 332 534 Ave,
360 495 477 527 decens
504 500 536 527 et
562 496 688 537 decora,

891 192 920 223 7.

885 402 915 433 8.

947 193 1027 231 Ave,
1055 191 1143 231 virgo
1170 194 1201 220 et
1226 190 1360 228 intacta,

950 239 1126 271 Salvatoris
1152 243 1254 269 mater
1280 237 1375 276 facta,

949 289 1029 326 Ave,
1059 290 1241 318 cunctorum
1267 287 1377 326 regina

949 335 992 366 Et
1019 335 1164 367 dolorum
1190 335 1359 368 medicina.

944 404 1024 440 Ave,
1054 403 1143 442 virgo
1170 401 1348 440 benedicta,

944 451 1135 490 Incorrupta
1161 454 1263 480 mater
1289 451 1385 489 dicta,

944 499 1025 536 Ave,
1054 499 1192 529 clemens
1219 502 1249 528 et
1275 507 1398 532 serena,

253 543 378 576 Clarior
402 543 483 574 lucis
508 553 635 576 aurora.
945 546 1070 577 Pietate
1097 554 1223 584 semper
1250 546 1354 585 plena.

498 612 529 644 9.
557 612 637 651 Ave,
665 611 765 650 virgo,
792 612 890 643 maris
916 613 1021 652 stella,

557 660 645 698 Quae
672 664 743 698 post
770 664 895 698 partum
923 670 955 691 es
981 661 1097 700 puella.

556 709 636 747 Ave,
666 706 790 746 fulgens
817 709 1003 748 margarita,

562 756 622 786 Per
647 764 741 795 quam
767 755 859 787 nobis
887 758 962 788 data
989 758 1063 789 vita.

233 820 352 847 Collect.
376 829 427 846 1115.
450 821 618 857 liturgicum
643 823 736 848 incest
767 823 838 857 orig.
862 830 936 848 saec.
962 823 995 849 lt),
1028 825 1055 849 111
1109 823 1331 849 [sod.T‹›10-·au.
1354 822 1418 849 ³571.
1442 838 1475 841 —

157 859 190 891 1,
217 857 235 885 3
256 859 319 892 Que
340 859 400 885 diu.
423 873 458 877 -
481 858 511 891 2,
540 859 558 885 2
578 861 621 886 sol
646 863 675 887 et
695 860 777 887 caelo
799 861 888 887 clara.
911 876 946 879 -—
968 860 1000 892 3,
1024 863 1039 888 4
1062 863 1118 888 Per
1139 868 1226 896 quam
1248 862 1338 887 caeli<
1361 862 1419 888 lux.
1444 876 1474 879 —

156 897 307 926 Abschrift
334 906 392 924 von
414 897 511 925 Andre'
535 898 656 925 carran-e
677 897 705 923 S.
727 899 770 932 J.;
799 899 857 933 vgl.
879 900 979 926 Revue
1008 900 1057 927 1195
1086 901 1206 933 langues
1229 901 1374 926 Romana<
1400 899 1479 927 1593.

154 947 181 972 p.
210 934 272 963 121.
299 936 478 963 verbunden
508 938 545 963 ist
574 939 627 964 mit
654 937 750 963 dieser
777 937 929 971 Dichtung
956 939 1007 965 der
1037 938 1200 973 111111111111151
1231 939 1340 966 ..Valc-
1375 941 1479 972 virgn

156 973 297 1009 regia“,
319 975 370 1002 der
391 975 523 1001 offenbar
545 976 592 1002 ein
613 976 729 1003 Ganzes
751 976 796 1002 fiir
817 976 880 1002 sich
902 977 1002 1003 hildet.

591 1079 650 1109 138.
694 1079 734 1108 ne
757 1078 853 1108 Beata
876 1078 975 1109 Maria
1001 1079 1032 1109 V.

883 1152 916 1182 ὃ.
943 1150 1033 1182 Vale.
1058 1160 1116 1190 per
1142 1159 1234 1189 quam
1259 1151 1413 1182 Dominus

942 1198 1035 1229 Delet
1064 1202 1204 1229 nostrum
1234 1197 1367 1236 facinus,

943 1246 1031 1279 Vale.
1060 1247 1124 1278 vita
1150 1247 1269 1277 saeculi

941 1294 982 1325 Et
1010 1304 1083 1334 spes
1111 1303 1185 1325 vera
1210 1295 1331 1334 populi.

191 1151 222 1182 1.
248 1149 339 1190 Yale,
368 1150 458 1190 virgo
485 1151 582 1188 regia.

251 1196 309 1228 Dei
336 1197 431 1236 plena
458 1198 578 1237 gratiaz,

248 1245 338 1286 Vale,
367 1246 456 1278 Iesse
482 1246 617 1286 virgula,

248 1292 382 1324 Florida
409 1302 467 1333 per
493 1294 630 1326 saecula.

940 1361 1030 1399 Vale,
1061 1362 1127 1392 sole
1151 1361 1269 1392 clarior

941 1412 1045 1449 Atque
1072 1410 1147 1440 luna
1172 1410 1348 1449 pulchrior,

188 1361 221 1394 2.
249 1360 339 1401 Vale,
367 1361 466 1400 stirps
493 1361 650 1392 Davidica
881 1361 910 1393 7.

247 1408 289 1440 Et
315 1415 417 1440 mater
444 1409 568 1444 deifica.

943 1458 1028 1498 Vale,
1057 1458 1129 1497 plus
1155 1467 1248 1496 quarn
1276 1458 1376 1489 lilium

940 1507 1089 1538 Candida
1115 1506 1317 1539 convallium.

248 1457 338 1497 Vale,
366 1458 463 1489 decus
491 1458 660 1497 virginum,

246 1506 333 1545 Quae
359 1506 495 1545 portasti
522 1505 702 1537 Dominum.

940 1573 1028 1609 Vale,
1059 1582 1180 1612 sempe1
1212 1572 1343 1604 floribus

939 1621 1100 1653 Redolens
1127 1630 1204 1660 prae
1231 1622 1385 1656 omnibus.

940 1670 1028 1710 Vale,
1056 1670 1146 1709 virgo
1172 1670 1301 1709 habilis,

938 1718 1045 1749 Mater
1070 1717 1253 1750 ineffabilis.

185 1574 218 1606 3.
246 1573 335 1609 Vale,
363 1576 465 1604 mater
491 1573 630 1614 Domini,
879 1573 909 1607 8.

246 1619 346 1652 Grata
369 1625 480 1652 sancto
505 1620 644 1661 flamini3

246 1669 338 1711 Vale,
365 1669 444 1700 caeli
472 1669 611 1706 domina.

246 1717 366 1749 Nostra
393 1718 504 1749 delens
531 1718 673 1749 crimina.

183 1787 216 1818 4.
243 1785 333 1822 Vale,
359 1793 440 1825 quae
464 1794 523 1825 per
546 1784 645 1816 filium
877 1786 908 1816 9.
938 1785 1026 1824 Vale,
1055 1786 1144 1825 virgo
1171 1786 1291 1824 inclita,

243 1833 288 1865 Es
315 1833 400 1865 salus
428 1832 582 1873 fidelium,
937 1833 1029 1864 luxta
1056 1833 1217 1865 Christum
1246 1835 1360 1874 posita,

244 1881 333 1922 Vale,
362 1891 479 1921 expers
505 1882 658 1913 criminis.
939 1882 1028 1917 Vale.
1057 1890 1154 1921 super
1180 1882 1324 1923 aethera,

242 1930 350 1962 Mater
375 1931 442 1962 veri
469 1930 609 1964 luminis,
938 1929 995 1961 Pia
1021 1934 1150 1969 gestans
1177 1930 1310 1962 viscera.

184 2002 218 2034 5.
246 1999 336 2039 Vale,
364 1999 396 2030 in
423 2008 516 2038 quam
544 1999 677 2030 caelitus
857 1998 910 2030 10.
939 1998 1018 2029 Vale
1044 2007 1141 2038 super
1166 1999 1282 2039 omnia,

244 2047 343 2080 Venit
367 2051 498 2079 sanctus
523 2047 669 2087 spiritus,
939 2046 1032 2077 Omni
1061 2046 1157 2085 digna
1183 2047 1295 2087 gloria,

244 2095 335 2137 Vale,
363 2104 444 2135 quae
470 2096 621 2127 caelestia
940 2095 1028 2133 Vale,
1056 2103 1136 2134 quae
1161 2096 1360 2134 peccantium

242 2144 340 2185 Regis
366 2148 397 2175 et
423 2144 601 2177 terrestria.
939 2143 1105 2174 Misereris
1131 2144 1281 2176 omnium.

223 2211 346 2238 Collect.
369 2219 422 2238 ms.
443 2211 546 2238 ineert.
568 2211 642 2246 orig.
664 2217 740 2235 saec.
766 2207 808 2238 13,
831 2211 869 2236 in.
912 2209 982 2236 Cod.
1003 2209 1142 2236 Tolosan.
1164 2207 1229 2236 871.
1245 2211 1277 2237 Α.
1301 2226 1336 2229 -
1352 2212 1473 2240 (ῥοιιρρῐ.

143 2260 197 2278 ms.
227 2251 330 2277 iucert.
352 2250 425 2285 orig.
453 2258 530 2277 saec.
560 2249 604 2277 15.
649 2247 719 2276 cod.
741 2247 868 2275 Parisin.
891 2249 987 2275 Nouv.
1015 2257 1077 2284 aeq.
1104 2246 1184 2275 1544.
1207 2249 1240 2276 B.
1261 2265 1297 2268 —
1320 2252 1376 2277 Str.
1401 2250 1473 2278 1*ss

145 2289 220 2318 inkl.
241 2288 338 2316 fehlen
359 2289 394 2316 Β.
428 2288 511 2316 Nach
533 2288 590 2316 Str.
615 2285 650 2315 10
671 2287 734 2323 ffigt
755 2286 851 2314 dieses
874 2287 936 2314 bei:

375 2337 467 2374 Virgo
490 2338 639 2374 perennis,
661 2344 726 2369 ave,
748 2343 807 2370 qua
828 2336 954 2362 mundus
974 2336 1099 2363 solvitur
1121 2344 1137 2362 a
1159 2336 1229 2370 Vae,

375 2376 466 2404 Porta
487 2376 604 2410 salutis,
625 2384 688 2406 ave.
711 2383 762 2410 per
785 2383 872 2410 quam
895 2378 976 2410 patet
997 2376 1093 2402 exitus
1115 2384 1131 2402 a
1153 2375 1229 2404 Vae:

413 2415 504 2443 Venit
524 2415 562 2442 ab
583 2414 650 2442 Eva
671 2413 748 2447 Vae;
770 2413 833 2441 Vae
854 2422 929 2449 quae
951 2414 1042 2442 tollis.
1065 2414 1134 2442 ave!
