1651 2680
661 97 923 132 —337—

210 194 332 222 Colleet.
359 201 412 222 ωε.
438 193 490 221 Dr.
511 193 692 222 Hartmauni
718 193 844 222 Schedel
867 192 1087 228 Nun-eubergen¹
1115 202 1190 220 saec.
1222 194 1264 222 15.
1293 195 1368 222 Clm.
1389 196 1451 223 Μο-

127 241 231 260 nacen.
259 230 325 260 416.
345 247 383 251 —
405 230 436 265 7,
464 231 482 260 6
503 232 679 259 madacium.
701 246 736 250 —
757 230 790 264 8,
820 230 834 259 1
855 232 919 259 lam
940 231 1027 267 quod.
1050 246 1086 250 -—
1111 230 1158 264 10,
1185 232 1203 259 :5
1225 234 1291 261 Non
1312 234 1392 261 fehlt.
1415 251 1449 254 —

129 269 180 302 12.
211 268 230 298 3
249 271 377 298 damnat.
398 284 436 289 —
458 268 510 301 15,
537 268 554 297 5
575 270 651 297 Piiis
671 273 785 306 cogent.
806 285 844 290 —
865 268 911 302 19,
932 270 950 297 ὅ
969 269 1114 296 venandi.
1136 284 1173 289 —-
1194 270 1239 303 22,
1261 271 1279 298 4
1299 276 1452 300 monentos

127 314 162 336 ut
180 309 280 336 fomat.
302 323 339 328 —
359 305 406 341 29,
427 306 441 335 1
461 309 522 335 vim
543 308 681 336 clamant.
695 323 734 327 —
747 306 793 341 30,
815 307 832 335 5
847 308 887 336 Et
901 317 952 343 pro
968 308 1041 335 Iuda
1057 317 1117 344 pro.
1135 323 1169 328 -
1187 308 1234 342 31,
1258 310 1269 337 1
1287 312 1399 338 volunt.
1414 327 1451 330 —

127 346 174 380 35,
195 345 214 374 4
228 347 306 374 Dum
327 355 422 382 quem.
443 361 475 365 -
493 344 539 379 36,
564 346 577 374 1
593 355 663 374 vera
677 348 816 374 castitati.
831 363 867 367 —
883 344 929 379 36,
950 346 968 374 3
984 355 1096 374 venere.
1113 362 1149 366 —
1164 347 1209 379 37,
1235 349 1245 376 l
1265 350 1396 376 Passum,
1414 365 1450 369 —

126 383 177 418 37,
205 383 223 412 5
244 386 274 412 in
295 384 376 412 fehlt.
401 399 436 403 —
455 382 507 417 41,
535 383 554 411 4
575 385 707 412 Haecam
727 385 805 413 dum.
826 399 864 404 —
884 384 936 419 43,
968 383 981 412 1
1006 385 1155 420 plaudent.
1178 400 1214 404 —
1236 387 1288 419 44,
1315 388 1333 415 3
1355 388 1450 423 despi-

126 425 216 451 ciunt
237 438 275 443 —
294 420 341 455 48,
365 421 379 450 1
402 419 504 451 Verba
524 425 582 451 ista
603 423 681 453 labe.-

128 622 198 654 304.
239 621 347 653 Oratio
373 622 490 654 devota
511 622 550 653 ad
571 624 714 654 sanctam
738 622 918 654 trinitatem
940 626 971 654 et
992 623 1117 655 beatam
1141 625 1272 656 Mariam
1294 624 1451 665 virginem

374 669 430 702 pro
457 663 655 702 peccatorum
678 661 774 692 venia
796 663 828 692 et
849 662 959 702 gratia
981 662 1189 703 impetranda.

856 784 887 815 6.
916 782 987 813 Hoc
1014 783 1125 814 eodem
1152 788 1281 814 nostrae
1308 784 1423 814 mentis

964 831 1072 862 oculos
1098 830 1253 869 illumina,

916 880 986 910 Hoc
1013 880 1123 910 eodem
1151 887 1261 910 sensus
1290 884 1416 910 nostros

958 927 1126 958 scabrosos
1153 928 1309 968 examina,

915 975 985 1006 Hoc
1012 976 1122 1006 eodem
1150 975 1299 1006 universa

138 781 167 812 1.
196 779 293 812 Pater
319 776 468 824 [sancte]‚
496 790 515 811 a
541 789 602 820 quo
619 781 757 813 mundus

245 828 315 868 lege
341 828 433 860 firma
459 829 592 869 regitur,

195 877 227 908 A
249 885 312 917 quo
338 881 426 909 certa
452 877 576 909 ratione

256 925 392 965 benigne
421 925 611 966 disponitur,

198 972 301 1005 Parce
328 973 426 1013 plebi,
454 983 535 1013 quae
562 984 581 1005 a
608 973 736 1005 Christo

245 1021 421 1053 christiana
447 1021 574 1054 dicitur.

163 1153 170 1160 .
197 1127 337 1166 Adonai,
363 1127 404 1159 ab
430 1127 550 1159 inferni

247 1173 386 1207 defende
412 1176 567 1214 periculo,

196 1224 282 1262 Quos
310 1223 421 1255 dilecti
447 1223 616 1256 sacravisti

244 1271 301 1303 filii
329 1271 494 1312 vocabulo,

195 1320 280 1359 Quos
306 1320 448 1352 eiusdem
475 1319 641 1352 redemisti

243 1367 364 1400 salubri
391 1368 546 1409 patibulo.

164 1499 171 1507 .
198 1473 262 1506 Fili
289 1474 361 1515 Dei,
387 1476 460 1507 Iesu
487 1474 626 1513 Chiiste‚

245 1523 439 1563 dominator,
467 1524 613 1562 Domine,

197 1570 257 1610 Qui
283 1581 343 1612 pro
369 1572 480 1603 mundi
507 1572 666 1604 medicina

243 1625 336 1651 natus
363 1629 397 1651 es
423 1630 463 1652 ex
487 1620 621 1660 virgine,

195 1667 295 1700 Plana
321 1668 408 1708 patri
434 1679 503 1709 nos,
530 1678 609 1708 quos
636 1673 690 1701 tuo

241 1717 409 1748 redemisti
434 1717 600 1757 sanguine,

162 1848 168 1854 .
196 1823 378 1856 Athanatos
404 1824 564 1856 mediator

241 1871 301 1904 Dei
328 1876 424 1913 atque
450 1872 623 1911 hominum,

195 1919 308 1953 Firma
332 1927 463 1961 pactum
490 1921 580 1962 pacis
607 1921 700 1953 huius

243 1969 329 2001 inter
354 1979 411 2002 nos
438 1974 470 2001 et
496 1969 678 2010 Dominum,

194 2017 246 2050 Ne
271 2018 439 2058 privemur
463 2027 561 2059 regno
587 2018 650 2050 Dei

243 2075 302 2106 pro
328 2067 497 2099 commisso
524 2066 702 2101 criminum.

158 2197 166 2205 .
195 2171 255 2212 Qui
281 2171 432 2211 procedis
458 2172 499 2204 ab
525 2175 672 2214 utroque,

245 2219 410 2260 paraclete
435 2220 580 2260 spiritus,

198 2268 295 2301 Cuius
318 2267 401 2307 ignis
426 2268 638 2300 inflammavit

244 2315 358 2347 fideles
385 2315 551 2356 divinitus,

197 2364 269 2398 Hoc
294 2364 408 2396 eodem
432 2368 560 2396 nostras
586 2364 698 2397 sordes

246 2412 320 2453 igne
346 2421 453 2444 crema
477 2413 618 2453 penitus.

178 2473 322 2499 Dreves‚
339 2470 389 2494 Pia
405 2470 571 2495 Dictamina.
604 2470 665 2494 vn.

835 2173 890 2207 10.

963 1028 1073 1055 nostra
1101 1024 1172 1054 dele
1200 1023 1344 1055 crimina.

882 1152 890 1160 .
917 1129 1034 1160 Trinus
1061 1130 1148 1161 Deus
1174 1130 1206 1160 in
1234 1131 1389 1171 personiS,

964 1186 1044 1209 unus
1072 1177 1102 1208 in
1130 1177 1319 1219 substantia,

915 1225 1033 1264 Calpas
1060 1231 1186 1258 nostras
1213 1231 1245 1257 et
1271 1231 1377 1258 reatus

963 1274 1059 1314 plena
1086 1274 1157 1306 dele
1186 1275 1278 1306 venia

915 1322 958 1353 Et
984 1322 1029 1352 sic
1055 1323 1189 1354 mundos
1216 1333 1234 1355 a
1261 1323 1402 1363 peccatis

962 1371 1062 1401 reduc
1087 1371 1128 1401 ad
1156 1371 1317 1404 caelestia.

882 1501 888 1509 .
916 1477 997 1517 Ave,
1026 1477 1125 1515 virgo,
1154 1477 1214 1509 Dei
1240 1480 1352 1516 mater,

963 1533 1041 1557 vera
1065 1534 1140 1564 spes
1165 1524 1320 1566 fidelium,

916 1574 1013 1605 Porta
1041 1573 1132 1610 caeli,
1161 1574 1253 1605 stella
1281 1575 1388 1611 mariS,

964 1622 1045 1653 recti
1071 1630 1183 1653 cursus
1209 1622 1366 1664 bravium,

916 1669 1044 1701 Summa
1070 1671 1160 1710 legis,
1189 1669 1292 1701 forma
1318 1670 1416 1710 pacis,

963 1718 1077 1750 salutis
1101 1719 1282 1752 exordium.

884 1850 891 1857 .
918 1825 999 1857 Ave,
1027 1825 1125 1865 virgo,
1154 1834 1221 1863 ave,
1251 1825 1327 1864 feta,

965 1881 1032 1911 ave,
1061 1873 1157 1912 plena
1183 1874 1297 1914 gratia,

916 1922 996 1959 Ave,
1024 1930 1152 1961 sponsa,
1180 1931 1248 1959 ave,
1276 1927 1387 1961 mater,

963 1978 1032 2007 ave,
1060 1970 1121 2001 Dei
1147 1970 1231 2001 filia!

917 2019 1018 2058 Quam
1046 2019 1174 2050 diversa
1199 2017 1280 2050 facis
1307 2029 1414 2060 unum,

967 2064 1013 2110 [o]
1041 2067 1290 2107 omnipotentia!

920 2174 1007 2206 Fons
1035 2174 1189 2215 signatus,
1217 2174 1409 2205 sacramenti

964 2223 1077 2254 summi
1103 2223 1355 2263 receptaculum,

916 2269 1012 2302 Scala
1039 2270 1145 2309 Iacob,
1175 2270 1287 2302 domus
1314 2270 1432 2311 David,

966 2318 1144 2350 Salomonis
1171 2319 1338 2358 ferculum,

916 2366 946 2398 A
972 2366 1073 2398 leonis
1099 2375 1154 2398 ore
1181 2367 1271 2399 salva

967 2415 1175 2447 christianum
1200 2415 1363 2455 populum.

1245 2470 1282 2499 22
