1651 2680
211 179 242 212 3.

270 177 401 211 Lucifer
426 179 493 211 vult
517 188 632 219 rapere

318 226 380 258 Dei
406 227 587 269 paritatem,

271 275 438 314 Usurpare
463 275 580 315 satagit

318 322 411 354 homo
437 323 600 363 deitatem,

273 371 362 402 Iesus
388 370 483 401 talem
510 370 639 402 exhibet

319 418 351 449 in
378 427 411 449 se
437 418 640 458 parvitatem,

269 466 361 506 Quod
387 474 505 506 sequax
531 475 592 498 non
620 471 746 499 corruat

317 513 357 545 ob
384 515 621 554 aequalitatem.

274 649 363 680 Iesus
389 657 444 679 ens
471 648 662 680 celsissimus

318 696 385 726 vult
413 696 581 737 humiliari,

272 744 327 782 Ut,
354 743 496 784 quisquis
524 743 563 774 de
589 746 696 775 cetero

317 791 432 831 gliscat.
458 792 541 823 hunc
566 792 693 828 sectari.

270 840 371 879 Queat
398 848 459 870 non
487 839 528 871 ad
553 839 662 870 infima

320 885 404 918 fastu
429 888 582 927 supinari,

270 934 332 967 Sed
360 934 399 965 ab
425 935 496 966 imis
523 939 631 966 erutus

316 983 447 1014 summis
472 983 614 1016 inaltari.

237 1142 242 1148 .
271 1117 407 1155 Insuper
432 1115 445 1151 ἰ
471 1117 565 1148 litera

317 1164 434 1195 vocalis
460 1164 625 1205 probatur,

269 1213 440 1252 Quinarum
469 1212 624 1244 vocalium

317 1260 423 1291 media
448 1261 580 1299 locatur,

270 1307 332 1339 Sed
360 1307 448 1347 haec,
476 1312 511 1339 ut
536 1308 577 1338 sit
603 1316 780 1339 consonans

320 1355 468 1395 simplex,
496 1359 718 1393 commutatur,

272 1403 499 1443 Interdumque
525 1412 701 1434 consonans

321 1453 385 1482 iota
412 1451 604 1491 duplicatur.

270 1579 409 1612 Verbum
437 1582 539 1620 patris
567 1582 706 1620 genitum

317 1630 405 1660 Iesus
431 1628 471 1660 ab
496 1633 628 1660 aeterno

267 1677 385 1708 Vocem
413 1677 516 1708 carnis
542 1676 644 1708 induit

314 1725 346 1755 in
373 1724 513 1756 claustro
539 1729 693 1763 materno,

269 1771 409 1804 Verbum
437 1782 492 1804 ens
518 1773 760 1805 mundissimum

315 1821 346 1852 in
373 1820 443 1851 sinu
469 1829 606 1860 superno

266 1868 317 1899 Fit
345 1872 408 1899 tam
432 1878 493 1899 vox
511 1877 601 1908 quam
622 1878 799 1901 consonans

313 1917 344 1948 in
371 1917 492 1948 ventris
518 1916 653 1951 interno.

229 2069 236 2076 .
265 2044 405 2076 verbum
432 2046 572 2077 iunctum
599 2046 748 2085 plasmati

313 2101 373 2124 vox
399 2093 612 2133 simplificata,

265 2139 406 2172 Verbum
433 2142 573 2172 iunctum
599 2142 718 2173 homini

314 2197 374 2220 vox
401 2194 447 2220 est
472 2189 646 2229 duplicata,

268 2236 346 2268 Tam
374 2246 469 2268 carne
495 2246 587 2278 quam
615 2238 721 2270 anima

312 2285 411 2317 verbo
439 2287 607 2325 coniugata

266 2332 393 2365 Yocalis
419 2332 453 2364 fit
480 2343 657 2366 consonans

315 2382 413 2422 duplo
439 2382 630 2414 combinata.

812 84 858 120 78

876 1582 929 1615 11.

874 2047 929 2080 12.

899 182 931 216 8.
957 183 1048 216 Inter
1073 183 1151 217 duas
1176 183 1299 225 dyadcs

1003 231 1070 264 iota
1094 231 1240 271 situatur,

957 279 1026 311 Deo
1051 280 1098 311 sic
1121 282 1155 310 et
1179 279 1299 312 homini

1006 327 1095 359 Iesus
1120 328 1290 367 mediatur,

958 374 1057 406 Binus
1082 382 1176 406 sexus
1202 375 1322 407 numini

1007 422 1243 465 reconciliatur,

960 470 1056 501 Pater
1080 478 1139 502 nec
1163 480 1226 502 non
1252 470 1384 512 spiritus

1006 518 1131 558 utrique
1157 518 1313 558 placatur.

901 650 932 682 9.
961 650 1099 682 Consors
1125 650 1332 683 consonantia

1005 697 1042 729 fit
1067 707 1106 730 ex
1131 698 1192 730 hoc
1217 698 1320 731 vocali

959 746 1052 777 Pacis
1078 744 1192 778 foedus
1217 747 1378 787 imperans

1005 794 1075 825 irae
1101 793 1244 837 divinali‚

960 841 1100 872 Iudicem
1129 850 1199 872 cum
1225 841 1350 873 homine

1009 889 1141 928 placans
1166 890 1295 930 noxiali,

961 936 1093 976 Culpae‚
1121 945 1242 976 poenae
1269 936 1393 969 diluens

1007 993 1153 1024 naevum,
1182 985 1271 1025 dupli
1296 985 1384 1018 mali.

958 1117 1046 1148 Iesus
1073 1118 1137 1149 iota
1164 1118 1303 1149 medium

1007 1165 1119 1197 crebro
1143 1166 1356 1205 scriptitatur,

959 1212 1128 1245 Trinitatis
1153 1214 1259 1245 media

1005 1270 1143 1301 persona
1168 1261 1336 1300 probatur,

962 1309 1063 1340 Filius
1089 1309 1237 1340 altissimi

1007 1357 1096 1396 prius
1121 1361 1303 1396 generatur,

959 1403 1011 1435 Ab
1039 1408 1174 1443 utroque
1199 1406 1332 1444 spiritus

1007 1453 1185 1491 procedens
1212 1454 1365 1493 spiratur.

878 1118 930 1150 10.

957 1582 1111 1614 Ambulat
1135 1582 1167 1613 in
1193 1582 1298 1615 medio

1004 1631 1093 1662 Iesus
1119 1630 1314 1670 angelorum,

956 1680 1134 1710 Aureorum
1162 1679 1286 1710 medius

1002 1731 1090 1758 stans
1117 1726 1393 1766 candelabrorum,

957 1773 1057 1805 Tenet
1084 1779 1189 1806 terrae
1214 1774 1353 1807 medium

1003 1823 1116 1854 sudum
1144 1824 1263 1854 ventris
1289 1822 1435 1862 thorum,

957 1870 1041 1901 Hinc
1067 1870 1201 1902 salutem
1228 1879 1364 1911 operans

1004 1919 1092 1950 Iesus
1114 1922 1323 1951 terrenorum.

955 2047 990 2078 In
1018 2047 1187 2087 praesaepi
1212 2048 1336 2081 medius

1002 2095 1085 2127 iacet
1109 2095 1332 2136 iumentorum,

956 2143 1143 2175 Duodennis
1168 2144 1274 2176 medio

1003 2192 1123 2224 residet
1151 2191 1326 2231 doctorum,

955 2239 1079 2271 Pendet
1105 2247 1199 2270 cruce
1225 2240 1349 2272 medius

1004 2286 1109 2319 furum
1136 2287 1369 2329 damnatorum,

956 2335 1078 2367 Crebro
1104 2335 1193 2367 lesus
1219 2336 1325 2369 medio

1002 2386 1065 2415 stat
1093 2382 1333 2424 discipulorum.
