1651 2680
696 91 956 126 —270—

182 190 213 220 5.
241 188 347 219 Vitam
375 189 495 219 ducens
521 196 667 227 asperam
867 190 897 221 G.
924 187 1046 219 Mundo
1071 187 1182 218 nolens
1207 185 1309 217 subici

239 235 357 266 Docuit
381 236 422 267 ad
449 236 588 266 litteram
924 234 1068 266 Nominis
1093 234 1229 274 angelici

284 283 390 321 Atque
418 282 604 322 baptizavit,
973 283 1056 314 Voce
1082 282 1276 319 nominatur,

238 330 364 360 Vestem
392 339 505 370 gerens
532 330 679 361 buceram
924 331 1027 363 Carne
1052 338 1205 369 spernens
1231 327 1319 360 infici

237 376 305 408 Nec
330 376 436 409 vinum
464 387 522 409 nec
547 378 681 409 siceram
924 378 1049 409 Laurea
1074 377 1246 416 centuplici

286 424 353 456 Nec
381 430 516 457 mustum
545 425 676 465 potavit.
970 425 1066 456 Caelo
1091 425 1266 456 laureatur.

546 523 576 553 7.
604 521 684 555 Lux,
712 520 840 551 lucerna
866 520 1006 561 praevia,

605 568 671 599 Hos
696 570 801 598 aestus
827 567 943 598 abhinc
969 568 1020 599 via

652 615 746 646 Pulsa
771 615 889 646 livione

606 665 654 694 Ac
679 664 710 694 iu
737 663 817 693 caeli
844 663 941 698 curia,

606 710 666 742 Ubi
694 720 756 750 pax
783 715 813 740 et
839 711 950 750 gloria,

649 758 716 789 Nos
741 762 843 789 tecum
871 766 999 797 repone.

240 853 359 880 Colli-ct.
387 863 437 879 ms.
467 853 657 880 Trecoriense
685 861 759 879 saec.
790 851 832 879 14.
875 852 945 879 Cod.
972 851 1098 878 Parisin.
1129 852 1223 878 Nouv,
1265 859 1327 885 aeq.
1354 847 1419 875 42¹6.
1444 860 1481 865 —

213 890 230 917 3
253 892 337 918 Hunc
361 900 435 918 vane
457 892 627 926 baptizavit.
649 906 685 909 -
707 890 732 922 5,
754 890 772 917 4
794 891 941 925 bugeram.

558 1076 622 1106 233.
666 1077 706 1106 De
728 1084 752 1105 s.
773 1075 910 1106 Iohanne
934 1074 1086 1114 Baptista.

178 1191 207 1222 1.
235 1189 338 1230 Salve,
366 1190 524 1222 Iohannes
550 1194 669 1226 sancte,
862 1191 893 1221 4.
921 1187 1044 1227 Gaude,
1071 1188 1144 1226 quia
1170 1187 1293 1218 iuvenis

284 1237 432 1276 Baptista
459 1237 645 1270 reverende.
967 1244 1105 1266 eremum
1132 1235 1241 1274 petisti

236 1286 323 1316 Inter
349 1290 475 1316 sanctos
503 1288 624 1315 ceteros
921 1283 1094 1322 Utriusque
1120 1291 1214 1313 sexus

283 1333 395 1363 merito
422 1331 643 1372 praeferende,
969 1335 1150 1369 turmasque
1175 1328 1296 1369 fugisti,

237 1381 313 1412 Post
341 1379 501 1411 Christum
529 1383 558 1410 et
584 1379 720 1410 Mariam
921 1379 1057 1410 Peccato
1083 1378 1264 1408 consentire

284 1429 454 1467 praecipue
481 1427 622 1463 colende,
965 1426 1018 1465 qui
1045 1423 1133 1468 [non]
1161 1424 1302 1458 voluisti,

236 1475 298 1505 Pro
324 1474 414 1506 nobis
441 1483 552 1514 preces
581 1474 714 1505 Domino
920 1474 986 1505 Fac
1013 1473 1122 1513 culpas
1148 1482 1206 1504 nos
1232 1471 1337 1511 odire,

283 1522 400 1561 iugiter
425 1522 585 1562 impende.
968 1521 1049 1552 sicut
1074 1525 1109 1551 tu
1135 1520 1242 1552 odisti.

178 1619 208 1651 2.
237 1617 361 1656 Gaude,
389 1618 441 1657 qui
466 1626 524 1657 per
549 1617 694 1656 angelum
862 1620 893 1651 5.
922 1616 1044 1657 Gaude,
1073 1616 1146 1656 quia
1172 1624 1299 1647 carnem

284 1666 538 1703 coannuntiatus,
966 1669 1051 1695 tuam
1079 1664 1240 1704 domuisti,

235 1713 422 1751 Priusquam
451 1713 673 1752 concipereris,
918 1712 995 1744 Cum
1023 1712 1085 1743 mel
1111 1716 1143 1743 et
1167 1712 1306 1743 locustas

285 1760 441 1792 Iohannes
468 1762 657 1791 nominatus.
966 1764 1079 1800 sponte
1106 1759 1284 1797 comedisti,

236 1809 272 1839 ln
300 1812 410 1839 ventre
436 1814 508 1839 tuae
532 1809 642 1840 matris
918 1807 987 1839 Nec
1012 1808 1133 1840 sicerae
1159 1816 1217 1839 nec
1242 1807 1308 1839 vini

283 1863 453 1896 conceptus
479 1860 509 1886 et
533 1861 686 1895 sacratus,
967 1857 1082 1895 pocula
1107 1855 1227 1894 bibisti,

236 1904 273 1934 In
301 1903 390 1935 nobis
417 1905 478 1935 tuis
505 1904 653 1943 precibus
919 1904 996 1945 Fac,
1026 1908 1057 1935 ut
1084 1904 1182 1935 simus
1208 1903 1318 1935 sobrii.

283 1951 325 1981 sit
352 1951 495 1983 Christus
523 1952 711 1991 hospitatus
968 1952 1021 1992 qui
1047 1953 1093 1983 sic
1119 1952 1310 1984 abstinuisti.

177 2048 208 2079 3.
236 2046 359 2085 Gaude,
386 2047 459 2086 quia
485 2056 597 2078 nomen
624 2055 682 2086 per
864 2049 894 2079 6.
922 2046 1043 2089 Gaude,
1071 2047 1145 2087 quia
1170 2047 1307 2079 Domino

285 2098 387 2125 ortum
414 2094 471 2125 tibi
501 2095 595 2126 datur
969 2095 1052 2126 viam
1078 2096 1292 2134 praeparasti,

236 2141 403 2180 Iohannes,
432 2142 490 2173 Dei
517 2143 621 2182 gratia
927 2143 1179 2183 „Paenitentiam
1205 2141 1309 2183 agite“

284 2189 367 2228 quod
395 2191 635 2230 interpretatur,
969 2191 1095 2230 quando
1120 2191 1328 2230 praedicasti,

237 2238 335 2269 Pater
359 2238 430 2276 pius
457 2243 488 2268 et
513 2244 617 2269 mutus
925 2238 1088 2280 „Regnum
1114 2238 1173 2270 Dei
1200 2248 1301 2279 prope
1329 2237 1409 2281 est,“

284 2285 507 2324 prophetando
534 2286 629 2326 fatur,
970 2286 1097 2318 Iudaeis
1123 2287 1287 2324 nuntiasti,

236 2333 354 2364 Divina
380 2333 470 2364 nobis
496 2334 601 2374 gratia
921 2333 988 2366 Fac
1012 2343 1070 2366 nos
1095 2335 1253 2374 paeniteri

286 2389 344 2421 per
369 2384 401 2412 te
427 2382 628 2413 concedatur.
970 2382 1111 2422 vitando,
1138 2383 1223 2422 quod
1249 2382 1369 2415 vitasti.
