1651 2680
717 107 760 112 —-
811 87 975 122 228—

527 185 559 216 3.
586 184 654 216 Deo
680 184 765 223 patri
789 193 848 226 per
871 184 977 216 omnia

587 231 637 264 Sit
663 232 763 263 virtus
789 235 822 264 et.
845 231 990 274 victoria,

586 280 646 319 Qui
671 288 728 310 nos
754 288 824 312 cum
850 280 969 312 sanctis
993 279 1139 312 omnibus

587 327 726 359 Coronet
750 327 783 359 in
809 327 1028 362 caelcestibuS.

698 457 758 487 Ad
792 457 992 490 Tertiam.

232 542 261 575 1.
287 542 332 573 Te
357 540 397 572 ob
423 544 601 572 sanctorum
628 541 752 578 merita,
913 542 945 575 2.
973 540 1039 573 Nos
1063 541 1171 580 corde,
1196 549 1262 581 ore,
1289 547 1386 579 opere

289 590 386 628 Deus,
413 597 583 628 precamur
608 588 729 629 inclita,
971 591 1038 622 Fac
1062 589 1248 621 innocenter
1274 589 1390 628 vivere,

287 636 346 676 Qui
371 637 402 667 in
430 638 586 668 caelorum
615 636 751 668 culmine
970 636 1014 669 Ut
1039 637 1120 668 caeli
1145 635 1353 669 tabernacula

287 686 403 716 Tecum
431 685 607 724 quiescunt.
636 684 779 716 Domine.
972 685 1130 716 Intremus
1156 684 1224 716 sine
1250 683 1382 715 macula.

628 782 657 813 3.
686 779 753 810 Deo
778 782 886 811 nostro
911 788 970 819 per
994 779 1109 811 omnia.

710 909 770 940 Ad
803 909 981 940 sextam.

230 995 259 1026 1.
288 995 350 1026 Per
375 995 545 1033 pretiosam
573 995 710 1025 omnium
917 996 948 1026 2.
977 995 1095 1026 Beatus
1122 1002 1232 1032 rumpe
1258 993 1383 1024 vincula

291 1043 476 1074 Sanctorum
495 1046 628 1072 mortem
644 1043 818 1081 praemium
974 1043 1016 1073 Et
1044 1041 1195 1072 submove
1222 1040 1374 1080 pericula.

295 1089 472 1128 Caelorum,
500 1088 597 1129 Deus,
626 1090 717 1120 citius
978 1089 1018 1122 Ut
1046 1093 1119 1120 vota
1146 1092 1255 1120 nostra
1283 1088 1421 1120 dulciter

292 1135 409 1169 Confer
434 1137 524 1169 nobis
551 1137 718 1178 propitius.
975 1136 1048 1168 Tibi
1074 1137 1246 1168 reddamus
1272 1137 1397 1176 iugiter.

628 1234 658 1265 3.
688 1231 756 1263 Deo
781 1236 891 1263 nostro
916 1241 974 1271 per
1000 1231 1114 1263 omnia.

713 1359 773 1392 Ad
807 1360 961 1392 Nonam

227 1446 258 1477 1.
287 1445 380 1476 Beati
406 1449 489 1482 sunt.
517 1445 567 1483 qui
596 1445 742 1476 habitant
916 1446 948 1477 2.
978 1445 1069 1476 Nunc
1093 1446 1182 1485 reple
1207 1454 1264 1476 nos
1290 1445 1474 1485 virtutibus,

288 1492 421 1530 Caelos3
449 1498 481 1523 ut
510 1492 578 1528 hos,
604 1493 656 1533 qui
680 1493 817 1524 militant
974 1491 1094 1524 Confer
1120 1502 1188 1524 cum
1216 1494 1335 1524 sanctis
1359 1493 1505 1526 omnibus

287 1541 323 1572 In
351 1540 454 1578 terris,
484 1541 591 1570 iuvent
618 1540 777 1579 precibus,
975 1539 1076 1571 Nobis
1103 1545 1174 1580 post
1202 1540 1286 1572 dona
1311 1541 1432 1581 gratiae

290 1589 433 1625 Praesta,
460 1588 557 1628 Deus,
585 1588 795 1629 supplicibus.
974 1590 1116 1620 Aeterna
1141 1589 1224 1620 bona
1249 1589 1379 1628 gloriae.

639 1685 669 1716 3.
699 1684 766 1716 Deo
789 1687 898 1716 nostro
924 1693 982 1723 per
1008 1684 1124 1716 omnia.

686 1813 745 1843 Ad
784 1813 1007 1853 vesperas.

232 1898 263 1929 1.
293 1897 465 1936 Promissa,
493 1897 589 1933 Deus,
616 1899 758 1938 praemia
918 1901 950 1933 3.
977 1900 1027 1931 Da
1053 1900 1219 1932 animabus
1244 1901 1368 1939 pariter

294 1944 394 1976 Nobis
420 1945 451 1976 in
478 1946 540 1977 fine
565 1950 740 1985 temporum
975 1950 1097 1986 Aperte
1120 1953 1151 1979 te
1177 1956 1368 1988 cognoscere

294 1992 370 2024 Cum
397 1994 515 2024 sanctis
543 1993 583 2025 da
609 1994 767 2034 sublimia,
975 1998 1023 2027 Ac
1050 1993 1113 2026 frui
1138 2001 1170 2026 te
1195 1995 1338 2027 suaviter

292 2041 450 2072 Perennes
478 2043 567 2073 dotes
594 2050 772 2082 corporum,
976 2041 1185 2083 Perfecteque
1212 2043 1356 2083 diligere.

231 2137 268 2168 2.
296 2137 380 2168 Hinc
406 2136 493 2168 clara
519 2140 549 2167 et
575 2137 703 2169 subtilia
918 2141 950 2172 4.
979 2138 1046 2170 Fac
1063 2147 1120 2169 nos
1139 2147 1208 2170 cum
1226 2140 1345 2172 sanctis
1363 2140 1510 2172 omnibus

294 2183 479 2216 Glorificata
505 2193 649 2227 corpora,
974 2187 1013 2219 111
1039 2188 1071 2216 te
1095 2188 1234 2226 gaudere
1259 2187 1407 2226 Domino,

294 2231 376 2269 cita,
402 2232 612 2272 impassibilia
974 2234 1059 2266 Dum
1083 2235 1191 2266 omnia
1214 2235 1247 2266 in
1273 2236 1422 2269 omnibus

296 2280 337 2312 Et
364 2280 410 2310 tui
436 2281 531 2320 plena
556 2285 698 2320 pectora.
975 2282 1021 2314 Es
1046 2290 1183 2324 regnans
1209 2283 1278 2315 sine
1304 2285 1452 2318 termino.

583 2379 614 2410 5.
641 2377 721 2417 Regi
746 2382 926 2409 sanctorum
952 2377 1100 2412 omnium,
