1651 2680
671 83 928 119 -184—

217 179 249 204 In
272 179 294 204 Α
317 178 484 205 verbunden
507 179 559 204 mit
579 179 642 205 dem
664 178 829 213 Rhythmus
851 180 954 215 „Ave‚
982 181 1106 217 virgo,
1135 183 1249 208 mater
1271 176 1357 216 pia“.
1396 180 1458 208 Ab·

139 217 462 290 {eggigt'tpdaefffgaluiqvon
488 216 581 243 Andre
608 217 730 244 Carrei-e
756 217 787 245 S.
807 217 851 253 J.·,
877 217 937 253 vgl.
964 218 1065 246 Revue
1090 218 1142 245 des
1168 219 1291 254 langues
1312 218 1463 246 Romanes

583 348 642 378 139.
684 349 726 379 De
747 347 845 380 Beata
866 349 966 380 Maria
986 349 1021 380 V.

183 430 211 459 l.
239 429 264 460 Ο
293 428 402 467 regina
428 428 606 460 sanctitatis

238 477 278 508 Et
307 477 456 515 magistra
483 476 622 516 pietatis,

238 524 417 563 Disciplina
444 524 596 565 veritatis,
671 523 675 527 '

237 573 484 603 Instrumentum
513 571 673 611 bonitatis,

241 620 475 651 Nutrinientum
504 619 671 658 libertatis,

240 667 469 698 Documentum
498 667 647 699 lenitatis.

201 771 207 776 .
234 745 321 775 Audi
350 752 470 782 preces,
496 753 572 784 quas
591 743 765 779 fundimus,

235 792 282 823 Te
307 791 435 831 placare
463 791 692 829 contendimus,

235 843 333 878 Quam
361 848 487 878 semper
512 838 710 875 offendimus,

235 887 456 925 Nosmetipsos
483 886 716 926 confundimus,

236 935 305 965 Non
334 940 462 973 pes-cata
491 934 701 975 defendimus,

237 982 410 1014 Cicatrices
435 982 631 1013 ostendimus

200 1083 207 1090 .
235 1058 317 1098 Tibi,
346 1062 456 1095 mater,
483 1066 574 1096 quam
599 1057 764 1096 laesimus3

233 1106 396 1143 Quidquid
424 1106 505 1136 enim
533 1106 745 1136 commisimus

235 1154 269 1184 In
297 1153 370 1187 fide,
401 1162 492 1192 quam
519 1153 731 1191 promisimus,

234 1201 267 1231 In
297 1206 336 1235 te,
365 1201 427 1239 pia,
456 1200 655 1239 peccavimus

234 1248 300 1279 Nec
326 1252 356 1278 te
382 1248 434 1286 pie
461 1248 650 1287 vocavimus,

234 1296 310 1327 Cum
337 1304 356 1325 a
383 1295 463 1326 bono
491 1296 682 1327 vacavimus.

197 1398 204 1404 .
230 1372 279 1402 Tu
305 1371 451 1402 diadema
477 1371 609 1410 regium.

232 1419 279 1450 Tu
305 1418 428 1449 miseris
456 1418 621 1457 refugium,

232 1469 349 1498 Contra
377 1466 481 1497 hostes
507 1466 698 1506 praesidium

231 1514 272 1545 Et
299 1523 393 1544 suave
421 1514 604 1546 remedium,

231 1562 350 1593 Confer
377 1561 468 1592 nobis
493 1561 644 1593 auxilium

229 1610 270 1640 Et
298 1609 374 1640 utile
401 1610 575 1640 consilium.

197 1712 204 1719 .
234 1686 365 1717 Placare
392 1694 467 1716 cura
493 1686 602 1719 filium,

233 1734 291 1772 Qui
318 1734 423 1764 lumen
449 1737 495 1764 est
522 1733 673 1765 tidelium.

228 1782 326 1822 Audi,
356 1782 442 1821 virgo
470 1781 635 1819 virginum,

228 1830 313 1868 Quae
340 1829 470 1860 lactasti
497 1829 675 1864 Dominum,

228 1877 344 1908 Verum
370 1877 474 1908 lumen
501 1876 664 1917 luminum,

226 1925 471 1963 Redemptorem
499 1925 647 1965 omnium,

191 2027 198 2033 .
226 2003 340 2034 Preces
366 2002 625 2042 supplicantium,

225 2049 300 2082 Sese
326 2051 551 2083 accusantium.

225 2098 269 2128 Te
297 2098 560 2134 desiderantium,

227 2146 279 2177 Ad
308 2151 338 2177 te
365 2145 603 2186 suspirantium,

224 2193 286 2225 Per
311 2199 342 2225 te
369 2193 598 2234 dimicantium,

225 2243 259 2273 ln
287 2246 317 2272 te
341 2243 578 2280 gratulantium,

870 431 899 462 7.

863 745 894 777 8.

834 1372 890 1406 10.

839 1686 892 1719 11.

834 2003 887 2035 12.

926 429 975 461 De
1001 434 1032 461 te
1058 430 1336 470 praesumentium.

926 478 963 509 In
989 481 1021 508 te
1046 477 1282 519 confidentium,

925 525 1089 557 Lacrimas
1115 523 1326 562 fundentium,

925 573 1045 604 Misere
1070 573 1271 613 gementium,

926 621 1044 652 Amare
1071 621 1253 659 dolentium,

927 668 1010 700 Vere
1034 668 1274 708 paenitentiam.

923 743 1019 785 Virgo
1046 744 1237 782 beatissima,

921 790 1108 823 Sanctarum
1133 792 1344 824 sanctissima.

920 839 1048 870 Piarum
1075 839 1228 879 piissima,

922 887 1096 927 Dulcisque
1123 887 1319 924 dulcissima,

922 935 1110 974 Magnarum
1137 935 1345 975 permaxima,

923 982 1029 1013 Mater
1055 983 1282 1014 amantissima.

923 1057 1099 1096 Singularis
1126 1057 1252 1099 femina,

920 1105 1126 1137 Dominarum
1154 1106 1290 1143 domina,

920 1152 999 1184 Dele
1024 1159 1134 1185 nostra
1159 1153 1290 1184 crimina

918 1199 961 1231 Et
988 1205 1110 1232 tuorum
1138 1202 1265 1232 nomina

920 1243 997 1289 [Per
1023 1253 1076 1279 tua
1103 1248 1277 1290 iuvamina]

920 1294 1058 1338 [Scribe]
1087 1296 1171 1327 vitae
1197 1298 1323 1336 pagina.

918 1372 1059 1403 Attende
1085 1373 1223 1411 suspiria

916 1419 968 1450 Ad
995 1423 1026 1450 te
1052 1420 1254 1461 suspirantia,

917 1467 1048 1506 Comple
1076 1468 1236 1499 desideria

915 1514 960 1545 Te
987 1515 1212 1548 desiderantia.

916 1562 1179 1602 Innumerabilia,

915 1609 992 1641 Tuis
1018 1610 1150 1642 odibilia

920 1686 1078 1717 Vitiorum
1105 1687 1185 1718 retia

916 1733 1088 1773 Disrumpe
1114 1735 1266 1776 propitia,

918 1782 961 1814 Ut
989 1783 1068 1813 caeli
1095 1782 1215 1822 palatia

918 1829 1058 1869 Ingressi
1083 1835 1115 1861 te
1139 1832 1281 1870 praevia,

916 1877 1047 1910 Calcata
1072 1878 1222 1917 superbia

913 1924 954 1956 Et
981 1925 1047 1957 eius
1074 1925 1206 1967 familia,

915 2002 1081 2043 Absorpta
1107 2004 1234 2036 miseria

915 2050 957 2081 Et
984 2052 1066 2082 omni
1094 2052 1237 2091 penuria,

913 2098 994 2130 Cum
1022 2108 1142 2130 summa
1169 2100 1302 2132 victoria

914 2146 950 2176 ln
977 2146 1106 2178 caelesti
1133 2148 1220 2179 curia

913 2193 1090 2233 Regnemus
1118 2195 1149 2226 in
1176 2195 1278 2235 gloria

913 2242 974 2273 Per
999 2246 1129 2274 aeterna
1155 2245 1293 2278 saecula.

202 2307 321 2334 Collect.
348 2316 399 2333 ms.
422 2309 522 2335 incert.
544 2308 615 2342 orig.
638 2315 711 2335 saec.
737 2304 778 2334 13.
800 2309 839 2334 in.
883 2307 952 2335 Cod.
972 2308 1109 2336 Tolosan.
1130 2306 1195 2336 871.
1218 2324 1254 2328 —
1275 2309 1307 2342 9,
1337 2309 1354 2338 6
1376 2311 1446 2340 Suis

125 2349 154 2374 in
176 2347 255 2373 vitae
277 2346 393 2383 pagina.
416 2361 451 2364 -
476 2345 517 2378 11,
539 2343 556 2371 6
583 2347 621 2374 Ut
641 2346 714 2373 eius.
734 2359 772 2364 —
785 2345 935 2374 Abschrift
955 2355 1012 2373 von
1026 2346 1123 2374 Andre
1139 2347 1260 2376 Carrere
1275 2350 1305 2378 S.
1320 2350 1364 2379 J.:
1386 2351 1446 2387 vgl.

124 2385 198 2413 anch
220 2386 318 2412 Revne
341 2384 390 2411 des
413 2384 532 2420 langues
556 2385 700 2411 Romanes
729 2381 809 2417 1895,
831 2394 858 2420 p.
883 2383 945 2412 123.
