1651 2680
706 130 752 136 —
801 111 872 146 313
918 124 966 137 ‘—

266 210 326 244 15.
349 209 406 242 Me
429 206 595 247 miserum,
620 208 676 248 qui
699 211 732 240 te
758 217 842 241 nunc
866 209 971 249 pulso,
996 211 1122 250 respice
1146 210 1223 242 mite

346 256 469 298 Iugiter
493 255 616 287 orando
641 265 701 296 pro
727 265 778 289 me
802 266 992 297 semperque
1020 257 1173 299 iuvand0‚

347 306 392 339 Ut
415 311 487 336 mea
509 303 551 334 sit
576 303 642 335 vita
663 305 817 336 virtutum
844 305 914 336 luce
941 307 1042 346 polita

346 353 459 392 Deque
484 351 578 383 malis
604 356 674 385 tuta
700 353 810 385 mundi
837 354 984 393 curisque
1010 355 1124 386 soluta.

347 401 479 433 Omnem
505 399 692 440 languorem
721 400 837 433 mentis
864 402 1032 442 carnisque
1060 403 1202 435 dolorem

259 449 314 482 20.
341 449 378 480 In
404 456 455 480 me
482 451 517 478 tu
544 456 621 479 eura
648 458 839 488 removeque
864 452 919 480 tua
945 459 1042 489 prece
1066 460 1158 491 pura.

345 495 500 537 Reprime
525 500 699 529 nocturnos
724 498 832 529 hostes
858 497 1043 537 pariterque
1071 499 1211 539 diurnOS,

345 544 397 577 Ne
421 544 574 584 spolient,
599 545 749 587 tundant,
776 545 840 576 alia
866 545 942 576 mihi
970 547 1019 577 vel
1046 547 1130 578 mala
1156 545 1303 581 fundant.

346 594 410 625 Ast
436 591 543 623 obitus
571 592 651 624 hora
676 593 797 632 pietate
824 597 879 624 tua
905 593 982 624 mihi
1009 604 1082 626 rora

347 641 486 673 Gratum
514 641 666 682 solamen,
694 642 771 672 mihi
798 642 842 672 sis
868 645 900 672 et
927 641 992 673 dux
1018 642 1060 673 ad
1086 651 1222 673 unamen

260 690 315 721 25.
345 688 453 729 Regni
481 689 654 725 caelorum,
681 690 823 729 gaudens
849 689 903 720 ubi
929 692 1035 721 turma
1060 692 1183 730 piorum

357 736 505 770 Concinit
530 741 604 768 ante
631 737 691 768 Dei
719 738 840 769 vultum
868 747 994 768 carmen
1021 738 1162 770 iubiluei.

347 786 372 818 O
399 784 458 816 flos
485 785 645 822 caelestis,
673 786 727 825 pia
755 786 835 818 dans
862 786 1018 817 solamina
1042 786 1181 822 maestis,

347 834 412 866 Ora
436 842 496 872 pro
522 833 645 864 cunctis
673 834 754 865 vivis
781 837 812 864 et
839 842 974 874 corpore
1001 833 1129 873 functis,

347 882 393 914 Ut
418 881 500 912 vivis
528 882 623 912 detur
648 883 752 921 venia,
780 891 843 920 pax
870 886 901 912 et
928 883 1116 925 cumuletur,

263 930 317 964 30.
344 929 449 962 Detur
475 933 507 960 et
531 933 664 960 aeterna
690 930 745 962 lux
772 928 890 960 functis
916 930 996 961 aede
1022 940 1170 970 superna.

347 979 373 1010 O
399 978 529 1018 praesul
555 977 685 1015 invicte,
713 978 740 1009 si
765 977 931 1016 quisquam
959 983 1130 1009 veneratur
1156 982 1186 1008 te

348 1026 394 1058 Te
419 1034 516 1066 prece
542 1026 702 1065 pulsando
731 1025 780 1057 vel
809 1025 904 1064 digne
931 1030 962 1056 te
990 1027 1183 1064 venerando,

347 1074 411 1106 Hic
436 1073 462 1104 si
489 1073 637 1104 turbatus
665 1072 774 1114 fuerit,
803 1073 956 1113 languore
982 1079 1132 1114 gravatus

348 1124 414 1155 Aut
441 1125 633 1161 paupertate
660 1130 847 1161 quacunque
875 1123 925 1152 vel
952 1123 1126 1159 anxietate,

261 1172 315 1203 35.
346 1171 409 1203 Per
435 1172 466 1200 te
493 1175 635 1207 sanetur,
665 1170 786 1201 ditetur
813 1169 862 1200 vel
884 1169 1087 1202 laetificetur.

352 1219 497 1251 Praestet
526 1218 704 1258 plasmator
730 1218 891 1249 hominum
921 1218 992 1257 pius
1020 1222 1049 1248 et
1076 1219 1255 1255 miserator,

351 1266 561 1305 Omnipotens
587 1266 754 1306 Dominus,
781 1265 833 1304 qui
862 1270 975 1305 regnat
1003 1266 1105 1297 trinus
1130 1270 1161 1296 et
1189 1275 1277 1297 unuS.

253 1344 334 1371 Orat.
356 1352 410 1370 ms.
425 1342 648 1370 Lunaelacense
672 1351 748 1368 saec.
773 1340 815 1367 15.
859 1341 928 1368 Cod.
945 1342 1148 1369 Vindohsmeii
1165 1340 1248 1367 3630.
1266 1357 1301 1360 —
1319 1340 1352 1368 19
1368 1346 1503 1367 (minem-

175 1391 241 1418 que.
262 1396 300 1400 —
322 1380 359 1409 22
380 1381 521 1417 spoliant.
544 1397 579 1400 —
601 1379 638 1407 25
659 1381 770 1416 Regna,

623 1474 692 1504 290.
738 1475 777 1505 De
798 1475 908 1504 saneta
929 1473 1050 1505 Ursulu.

444 1549 475 1579 1.
504 1546 529 1578 O
557 1546 686 1587 UrsuIa,
714 1545 831 1577 nobilis
857 1554 985 1585 genere,

502 1594 652 1626 Nobilior
679 1602 801 1626 morum
826 1594 1010 1633 sanctitate,

503 1643 590 1682 Quae
616 1642 740 1683 regales
766 1641 895 1681 nuptias
921 1642 1104 1683 spernendo

503 1691 584 1732 Regi
610 1699 719 1731 regum
746 1690 923 1722 adhaesisti
950 1690 1092 1728 Christo,

445 1769 475 1802 2.
502 1768 657 1800 Aduxisti
685 1771 758 1807 post
783 1770 824 1807 te,
855 1767 918 1797 dux
945 1767 1069 1805 inclita,

504 1816 567 1848 Tot
592 1820 775 1848 sanctarum
804 1815 962 1854 virginum
990 1815 1089 1854 milia,

502 1865 590 1903 Quae
615 1869 781 1896 servantes
809 1867 916 1894 vestro
942 1873 1060 1903 sponso
1086 1862 1181 1894 fidem

502 1913 670 1945 Meruistis
695 1913 837 1944 lauream
866 1911 1038 1951 duplicem.

446 1992 478 2024 3.
506 1991 559 2024 Ad
587 1990 742 2022 caelestes
768 1989 899 2030 nuptias
925 1989 1098 2030 ingressae,

503 2040 600 2072 Casto
626 2039 701 2079 agni
727 2038 878 2077 amplexu
904 2037 1027 2074 beatae,

503 2087 708 2127 Quocumque
733 2087 768 2129 it,
797 2094 867 2117 cum
894 2094 931 2117 eo
958 2085 1092 2125 pergitis

503 2135 549 2167 Et
572 2135 731 2167 canticum
757 2135 843 2167 laete
867 2134 1044 2165 concinitis.

441 2214 476 2246 4.
502 2212 644 2246 Obsecro
671 2221 738 2253 vos,
765 2214 800 2243 ut
826 2211 942 2242 vestris
967 2210 1116 2250 precibus

502 2261 610 2301 Casae,
637 2261 690 2301 pie
716 2263 748 2292 et
772 2259 856 2292 iuste
883 2259 1037 2298 vivamus,

504 2309 550 2342 Ut
575 2308 754 2341 translatae
778 2307 812 2338 in
839 2310 978 2339 vestrum
1007 2314 1172 2338 numerum

507 2357 638 2391 Christo
663 2365 781 2397 sponso
807 2364 958 2387 canamus
986 2355 1155 2386 canticum.

254 2437 389 2464 Devotae
411 2434 562 2463 orationes
582 2432 870 2467 (Fontrebnldenses)
888 2432 958 2467 imp.
980 2431 1105 2458 Parisiis
1128 2427 1210 2456 1546.
