1651 2680
628 65 888 101 —332—

197 163 254 195 Cui
278 163 379 195 maior
404 163 473 195 laus
501 162 646 201 debetur,

198 210 286 242 Licet
312 210 381 250 ipse
407 210 449 241 sit
474 210 642 251 indignus;

114 260 168 291 75.
195 259 313 289 Tamen
341 258 478 289 clemens
504 262 535 288 et
560 257 715 298 benignus

117 744 132 770 tx.

882 161 970 195 Deus
995 162 1040 194 ita
1065 161 1237 201 ordinavit,

881 210 941 250 Qui
966 220 1023 242 nos
1049 219 1105 243 sua
1128 218 1224 242 carne
1249 207 1349 248 pavit.

180 323 303 351 Collect-
324 332 377 350 ms.
399 324 427 350 S.
446 324 559 351 Mariae
575 323 769 359 Magdalenae
788 324 820 350 in
839 324 948 351 Maiori
965 323 1145 351 Frankental
1166 331 1242 351 saec.
1267 321 1312 350 15.
1344 321 1415 350 Cod.

100 363 234 390 Vatican.
255 362 349 389 Palat.
371 360 436 389 362.
458 376 495 380 —
518 361 555 389 63
579 362 683 389 Sacros
704 361 806 389 dantes
827 370 912 389 sacra
932 361 1007 389 dote.

493 454 563 485 302.
603 454 716 485 Contra
736 453 871 485 Insidias
893 453 1024 485 Diaboli.

137 553 143 560 ‚
170 525 356 564 Temptator
381 534 501 564 pravus
527 529 559 556 et
585 526 713 556 dolosus

170 572 251 604 Mihi
278 572 381 604 adfuit
409 576 440 604 et
467 574 634 610 clamosus,

171 621 207 651 In
232 630 281 651 me
306 620 398 651 irruit
424 624 457 652 ut
484 620 633 661 famosus,

172 668 269 700 Prout
295 673 427 708 apparet
451 669 649 700 tenebrosus.

139 763 145 768 .
174 739 267 770 Venit
295 741 353 770 iste
379 748 510 779 serpens
537 739 629 771 fortis

172 786 242 817 Suis
269 795 390 826 quoque
417 796 486 818 cum
511 788 622 818 amicis

172 834 282 865 Robur
306 843 406 865 meum
434 835 548 866 tollens
576 835 668 873 dolis,

170 881 213 913 Ut
240 891 288 912 me
314 885 457 920 torqueat
478 883 508 914 in
536 882 712 915 tormentis.

136 977 143 984 .
171 953 235 984 Iste
260 957 307 984 est
334 954 429 984 draco
455 953 510 984 ille
535 962 676 993 magnuS‚

173 1001 311 1040 Serpens
335 1000 434 1032 ruffus
459 1006 491 1031 et
516 1001 677 1042 antiquus,

171 1049 226 1086 Qui
254 1048 349 1079 Satan
377 1052 407 1078 et
430 1048 575 1080 inimicus

169 1095 228 1127 Est
251 1101 379 1127 vocatus
405 1100 436 1127 et
462 1096 627 1136 malignus.

137 1188 143 1194 .
172 1161 298 1201 Septem
326 1162 422 1193 habet
447 1170 521 1202 ergo
548 1163 663 1201 capita,

171 1210 283 1240 Secum
311 1214 440 1247 portans
468 1210 575 1241 decem
595 1219 722 1248 cornua,

170 1256 213 1288 Ut
240 1265 288 1287 me
314 1257 428 1296 perdat
454 1257 486 1288 in
513 1258 662 1294 versutia,

171 1304 278 1336 Minus
304 1308 416 1344 potens
443 1314 535 1343 quam
563 1304 683 1336 favilla.

137 1394 144 1402 .
173 1370 274 1402 Nimis
302 1375 411 1401 cautus
437 1371 491 1402 ille
518 1371 577 1410 leo,

170 1418 265 1449 Ortus
290 1418 351 1449 iam
378 1418 410 1449 in
437 1419 599 1458 paradiso,

170 1465 307 1496 Mortem
333 1465 459 1497 induxit
484 1466 540 1497 illo
567 1475 659 1505 pomo

172 1512 370 1552 Cooperante
396 1523 451 1544 suo
476 1523 607 1545 veneno.

138 1603 145 1611 .
173 1578 261 1610 Nihil
287 1579 373 1610 aliud
395 1579 455 1610 iste
477 1584 573 1621 amat,

170 1626 241 1658 Nisi
267 1631 299 1657 ut
326 1627 460 1658 animam
488 1627 549 1658 sibi
576 1628 678 1668 tollat,

171 1674 211 1706 Se
238 1673 352 1705 fecisse
377 1675 455 1706 nihil
482 1679 586 1714 putat,

171 1721 204 1753 Si
230 1722 313 1761 quod
339 1731 453 1761 corpus
479 1732 541 1754 non
568 1724 704 1758 occidat.

136 1812 143 1819 .
171 1787 332 1820 Tristatur
356 1793 387 1820 et
412 1789 492 1829 ipse,
519 1793 555 1820 ut
573 1790 724 1831 decipiat,

171 1835 320 1867 Gaudere
346 1845 379 1868 se
405 1836 510 1877 fingit,
537 1841 572 1868 ut
598 1838 724 1878 illudat⁷

171 1885 317 1923 Apparet
324 1893 432 1923 agnus,
442 1888 534 1916 utine
543 1887 740 1926 comprimat,

170 1931 294 1970 Lupum
321 1940 355 1962 se
381 1931 469 1969 facit,
496 1937 530 1964 ut
555 1933 698 1967 seducat.

136 2022 144 2030 .
170 1997 218 2029 Tu
245 2007 329 2037 ergo,
357 1999 429 2029 Iesu
455 1999 593 2040 Christe,

171 2045 251 2077 Mihi
278 2055 400 2085 quoque
424 2047 586 2089 miserere,

171 2092 260 2125 Sicut
286 2092 390 2125 fecisti
416 2094 630 2134 Magdaienae

170 2140 216 2172 Te
242 2140 375 2180 rigando
401 2142 495 2174 valde
521 2143 585 2182 pie.

136 2232 143 2240 .
170 2207 252 2247 Heu,
280 2207 340 2239 heu
366 2208 454 2246 mihi,
481 2209 627 2251 Domine,

171 2256 299 2296 Vaeque
323 2256 447 2288 animae
473 2265 570 2299 meae,

171 2303 354 2344 Recessisti‚
366 2304 546 2337 consolator
555 2306 640 2337 vitae
649 2313 748 2344 meae,

171 2351 241 2384 Nec
265 2351 375 2383 dixisti
401 2352 479 2383 mihi
504 2352 585 2385 vale.

785 524 841 558 10.

786 739 841 771 11.

787 955 840 987 12.

786 1163 840 1197 13.

787 1372 841 1405 14.

787 1791 841 1824 16.

784 2211 840 2244 18.

868 523 982 556 Defeci
1007 533 1065 565 ego
1090 527 1123 556 et
1148 516 1203 556 c'or
1227 532 1343 562 meum,

866 572 962 611 Deus,
990 581 1065 611 pars
1091 581 1161 604 mea
1186 572 1218 603 in
1235 576 1412 610 aeternnm,

867 620 1016 659 Quaesivi
1042 629 1099 660 ego
1125 621 1245 651 vultum
1272 624 1371 657 tuum,

868 669 918 700 Tu
944 676 1018 707 ergo
1042 667 1120 698 mihi
1146 667 1224 699 offer
1249 677 1388 701 manum.

868 739 1030 770 Auxilium
1046 748 1148 770 meum
1163 749 1182 771 a
1195 743 1227 770 te
1241 739 1412 781 requiram,

869 787 913 819 Ut
938 796 955 817 a
982 795 1031 817 me
1057 787 1155 818 Satan
1182 787 1348 826 repellam,

869 834 927 866 Tui
955 838 988 865 tu
1014 834 1092 865 mihi
1119 834 1160 865 da
1185 835 1380 875 memoriam,

870 882 936 921 Qua
962 881 1115 921 proeliari
1142 881 1223 913 bene
1250 883 1382 915 valeam.

869 954 894 986 O
921 953 1010 994 virgo
1036 953 1164 994 munda,
1192 953 1397 993 venerabilis,

868 1001 984 1042 Maria,
1007 1004 1110 1033 mater
1127 1000 1258 1032 hnmani
1275 1002 1414 1041 generis,

868 1048 913 1080 Te
939 1057 1062 1089 precor,
1090 1057 1108 1079 0
1134 1048 1345 1085 admirabilis,

869 1096 918 1127 Ne
942 1097 1002 1127 mei
1029 1105 1165 1136 unquam
1192 1097 1403 1128 obliviscaris.

868 1163 949 1194 Nam
976 1164 1131 1202 angustiis
1157 1172 1253 1202 saepe
1283 1172 1412 1203 premor

866 1211 979 1242 Multis
1004 1211 1159 1250 malisque
1186 1215 1323 1252 coartor,

868 1259 929 1289 Die
952 1267 989 1289 ac
1015 1262 1111 1290 noctu
1137 1267 1195 1299 ego
1221 1262 1372 1299 peccator

866 1305 925 1339 Tui
951 1305 1008 1337 filii
1034 1315 1102 1337 sum
1127 1306 1274 1339 offensor.

868 1372 980 1403 Dulcis
1007 1376 1118 1413 mater,
1144 1373 1237 1411 placa
1262 1372 1372 1409 filium,

868 1420 963 1451 Cuius
993 1421 1075 1451 uteri
1102 1420 1200 1451 subiit
1226 1421 1412 1462 claustrum,

865 1467 915 1498 Ne
928 1477 978 1498 me
991 1467 1163 1499 abhorreat
1174 1477 1265 1499 suum
1274 1477 1413 1507 servum,

866 1515 929 1547 Sed
957 1516 1110 1555 suscipiat
1135 1516 1167 1547 iu
1194 1520 1370 1550 aeternnm.

836 1608 843 1614 .
872 1582 897 1613 O
924 1581 1094 1613 benedicta
1119 1591 1246 1622 semper
1271 1583 1370 1625 virgo,

871 1629 961 1669 Roga
986 1631 1136 1671 genitum,
1165 1635 1199 1662 ut
1224 1641 1243 1662 a
1269 1631 1375 1662 saeclo

870 1677 925 1708 Me
949 1677 1085 1717 recipiat
1110 1678 1213 1718 sitque
1239 1679 1302 1710 cito

869 1725 906 1756 In
932 1729 1062 1757 aeterno
1088 1735 1209 1765 ponens
1236 1727 1336 1759 caelo.

869 1792 894 1823 Ο
903 1793 1041 1824 clemens
1051 1797 1169 1832 pastor.
1184 1796 1294 1824 sancte
1307 1794 1412 1834 Petre,

871 1839 1036 1872 Caelorum
1048 1849 1145 1880 regna
1153 1842 1304 1873 claudens
1312 1842 1414 1880 clave,

867 1890 896 1918 A
925 1887 1078 1919 daemone
1103 1889 1164 1919 isto
1192 1898 1240 1920 me
1265 1889 1412 1933 defende,

867 1936 927 1974 Qui
952 1934 1051 1967 infert
1072 1936 1177 1968 iacula
1193 1938 1292 1969 menti
1312 1947 1413 1972 meae.

834 2027 841 2033 .
868 2001 916 2032 Tu
943 2002 1050 2040 etiam,
1077 2003 1186 2042 Paule,
1208 2013 1267 2043 pro
1290 2014 1341 2037 1116
1358 2014 1416 2038 ora

867 2048 980 2087 Deum,
1008 2051 1061 2089 qui
1087 2059 1213 2090 semper
1238 2053 1307 2084 sine
1324 2062 1414 2086 mora

867 2096 986 2128 Preces
1013 2097 1098 2139 capit
1124 2098 1193 2130 sine
1218 2099 1276 2143 ira,

869 2144 950 2183 Quia
974 2151 1007 2177 te
1029 2149 1120 2185 rogat
1144 2155 1201 2178 sua
1227 2152 1386 2181 creatura.

868 2210 972 2243 Etiam
998 2221 1074 2252 rogo
1098 2217 1131 2244 te
1156 2213 1341 2256 Iohannem,

868 2259 940 2291 lesu
967 2260 1087 2292 Christi
1112 2265 1298 2304 amatorem,

867 2306 915 2338 Ne
940 2316 990 2338 me
1016 2316 1148 2348 respuas
1173 2315 1377 2349 peccatorem

868 2354 952 2386 Meis
979 2355 1106 2387 delictis
1131 2358 1385 2394 semimortuum.
