1651 2680
221 212 253 241 5.

220 439 252 469 6.

222 668 238 697 κ]

201 1353 257 1385 10.

201 1581 256 1614 11.

204 2035 260 2066 13.

200 2258 254 2291 14.

714 110 973 145 —262-

281 209 457 249 Geram-esa,
484 208 640 249 generalis

331 255 422 286 Salus
447 256 478 287 in
506 259 537 287 te
563 256 769 295 sperantium,

281 303 361 344 Spes
387 307 511 334 tuorum
537 303 702 342 spiritalis,

329 350 451 382 Praebe
477 351 539 382 tuis
565 351 727 383 solacium.

279 436 446 476 Genovefa
471 436 671 476 supplicante

330 484 435 515 Nullis
461 493 588 524 premar
613 485 776 523 supplicis,

281 532 409 565 Christo
435 533 510 563 mihi
536 532 707 563 miserante

329 579 399 610 Non
424 581 539 620 puniar
565 589 633 611 cum
660 580 776 619 impiis.

245 691 252 698 .
281 667 379 705 Virgo
406 667 493 698 clara
520 666 699 703 virtutibus7

332 715 491 745 Virtutum
518 714 641 753 fulgens
668 714 770 753 titulo,

282 762 442 801 Coniunge
467 763 544 793 caeli
571 762 692 792 civibus

328 809 464 840 Exsules
490 811 520 840 in
548 809 606 840 hoc
632 810 769 843 saeculo.

246 921 252 927 .
280 895 388 936 Virgo,
415 904 474 934 per
498 904 608 926 manus
635 895 792 935 praesulis

329 942 451 981 Sponso
479 944 582 974 dicata
610 943 776 983 virginum,

281 991 359 1022 Esto
386 999 443 1029 pro
467 991 529 1022 tuis
556 989 682 1021 famulis

327 1038 500 1069 Mediatrix
527 1038 567 1070 ad
594 1038 775 1069 Dominum.

249 1149 256 1156 .
284 1124 390 1165 Virgo,
418 1133 497 1163 quae
524 1123 634 1154 matris
660 1124 768 1155 oculos

332 1171 410 1202 Luci
437 1176 596 1202 restauras
622 1171 789 1210 pristinae,

284 1219 460 1258 Participes
487 1218 538 1250 fac
563 1219 705 1250 servulos

331 1267 491 1297 Aeternae
519 1267 601 1297 vitae
627 1266 753 1298 lumine.

285 1353 394 1393 Virgo,
423 1361 502 1390 quae
529 1351 608 1382 facis
633 1357 761 1390 puteum

334 1397 530 1429 Profundum
557 1398 762 1439 superfluere,

282 1447 349 1478 Fac
376 1455 430 1477 cor
456 1455 557 1477 meum
584 1446 744 1485 lapideum

332 1493 494 1525 Lacrimas
521 1493 576 1525 tibi
605 1492 748 1525 fundere.

284 1581 391 1621 Virgo,
422 1580 643 1611 Parisiensium

332 1626 423 1658 Salus
449 1637 467 1659 a
493 1628 766 1668 persequentibus,

284 1676 362 1708 Esto
388 1675 478 1706 nobis
505 1674 660 1714 refugium

331 1722 382 1754 Ab
408 1723 543 1754 inimicis
569 1723 721 1756 omnibus

252 1836 258 1843 .
288 1810 395 1849 Virgo,
424 1810 473 1840 cui
498 1809 589 1849 panis
616 1810 727 1841 hordei

333 1858 409 1888 Cum
436 1856 519 1888 fabis
546 1862 591 1887 est
618 1856 761 1897 refectio,

285 1904 385 1936 Nobis
411 1906 450 1935 sit
476 1906 563 1936 cibus
589 1905 664 1936 fidei

335 1953 551 1984 Lacrimarum
579 1952 732 1992 profusio.

289 2034 396 2074 Virgo,
424 2039 537 2074 potans
563 2034 701 2066 artifices

332 2081 415 2112 Dato
441 2083 480 2113 de
506 2091 628 2114 sursum
655 2083 779 2122 poculo,

283 2129 372 2161 Satia
395 2133 465 2160 tuos
491 2130 652 2170 supplices

331 2177 489 2208 Aeternae
515 2179 599 2209 vitae
624 2177 750 2217 pabulo.

283 2258 396 2298 Virgo,
424 2267 503 2297 quae
529 2267 607 2299 prae
632 2263 663 2290 te
689 2267 814 2290 cereum

331 2305 452 2336 Lumen
481 2306 560 2338 facis
586 2307 741 2347 recipere.

281 2354 335 2386 Me
361 2352 460 2384 facias
486 2355 645 2386 sidereum

331 2401 447 2433 Verum
473 2402 578 2434 lumen
604 2403 770 2442 attingere.

876 209 928 241 15.
946 209 1056 248 Virgo,
1083 217 1141 248 pro
1168 207 1247 239 furti
1272 206 1406 238 crimine

991 255 1128 288 Caecata
1153 255 1292 287 reddens
1318 254 1437 286 lumina

945 303 1079 343 Culpam
1108 303 1222 336 fatenti
1248 301 1398 341 feminae,

992 351 1117 383 Mentes
1145 354 1270 383 nostras
1294 350 1449 383 illumina.

873 438 928 469 16.
945 438 1063 476 Virgo,
1089 446 1170 476 quae
1195 436 1339 468 membra
1362 435 1502 476 plurium

989 484 1124 516 Liberas
1149 495 1167 516 a
1193 485 1346 525 paralysi,

1003 605 1307 613 ......

874 667 928 699 17.
946 667 1056 708 Virgo,
1084 676 1164 706 quae
1189 667 1275 698 viros
1299 666 1418 698 liberas

993 718 1022 745 A
1049 718 1151 746 morte
1177 715 1271 745 morti
1299 714 1438 752 deditos,

945 763 972 793 A
1003 762 1053 792 via
1078 762 1188 793 mortis
1215 760 1392 792 transferas

991 809 1043 840 Ad
1073 810 1167 840 vitam
1196 808 1254 840 tibi
1280 809 1435 840 subditos.

874 896 928 929 18.
945 896 1053 935 Virgo,
1081 896 1206 934 puellae
1234 894 1332 925 debili

995 943 1114 974 Pedum
1142 943 1280 974 reddens
1307 941 1458 982 officium,

944 991 1003 1022 Via
1030 989 1251 1022 indeclinabili

989 1038 1043 1068 Me
1060 1038 1120 1069 duc
1133 1039 1171 1069 ad
1181 1047 1333 1070 summum
1342 1037 1503 1077 gaudium.

877 1125 930 1157 19.
948 1125 1054 1162 Virgo,
1081 1123 1279 1163 suspendens
1305 1132 1378 1154 aere

995 1171 1167 1211 Correptos
1193 1181 1212 1202 a
1238 1171 1423 1212 daemoniis,

948 1219 1089 1258 Dignare
1114 1229 1171 1250 nos
1197 1219 1323 1257 eripere

995 1267 1021 1296 A
1053 1267 1239 1298 daemonum
1266 1266 1402 1298 insidiis.

877 1353 933 1384 20.
950 1353 1057 1390 Virgo,
1085 1361 1177 1391 quam
1204 1350 1305 1383 falsae
1331 1351 1463 1392 virginis

996 1398 1066 1430 Non
1096 1398 1177 1430 fallit
1205 1399 1375 1437 simulatio,

946 1447 1011 1478 Fac
1038 1456 1093 1478 nos
1120 1451 1267 1487 expertes
1294 1447 1446 1488 criminis,

989 1494 1110 1534 Dignos
1136 1496 1292 1526 iustorum
1319 1495 1474 1534 praemio.

877 1582 932 1614 21.
949 1581 1057 1621 Virgo,
1086 1590 1165 1620 quae
1192 1589 1329 1612 mersum
1354 1580 1503 1620 precibus

993 1628 1092 1659 Matri
1119 1633 1280 1660 restauras
1307 1628 1418 1669 filium,

947 1677 973 1708 A
999 1677 1116 1707 nostris
1144 1677 1234 1708 deme
1256 1677 1406 1708 cordibus

992 1724 1085 1755 Vitae
1111 1725 1291 1764 praesentis
1315 1726 1468 1757 taedium.

877 1811 932 1844 22.
949 1811 1058 1850 virge,
1085 1820 1165 1850 quae
1191 1820 1316 1842 manum
1343 1812 1467 1844 aridam

995 1858 1121 1890 Sanasti
1147 1860 1209 1891 tuis
1236 1859 1369 1898 meritis,

946 1906 1011 1937 Fac
1028 1910 1164 1938 mentem
1183 1911 1323 1938 nostram
1339 1906 1502 1940 turbidam

994 1953 1113 1985 Christi
1140 1963 1255 1994 parere
1283 1956 1421 1988 monitis.

875 2037 931 2068 223.
947 2036 1056 2074 Virgo,
1084 2036 1186 2076 pulsis
1214 2035 1423 2068 daemonibus

990 2082 1166 2122 Sequanam
1188 2084 1328 2116 reddens
1345 2085 1502 2127 pervium,

944 2131 1022 2170 Fac,
1049 2139 1089 2162 ne
1113 2140 1183 2162 cum
1210 2133 1434 2172 peccatoribus

992 2178 1059 2210 lter
1084 2187 1252 2218 carpamus
1279 2181 1417 2212 devium.

875 2260 929 2292 24.
947 2259 1052 2298 Virgo,
1081 2268 1141 2298 per
1165 2269 1258 2300 quam
1284 2261 1443 2294 solidatur

992 2306 1210 2339 Membrorum
1239 2309 1420 2349 dissolutio,

946 2356 1009 2386 Per
1033 2357 1064 2385 te
1090 2354 1182 2387 nobis
1207 2357 1403 2388 concedatur

991 2401 1134 2434 Peccatis
1159 2403 1330 2438 absolutio.-
