1651 2680
680 78 936 114 —204—

168 177 223 210 25.
250 173 426 220 suavitatis
453 175 566 215 poculo
853 177 910 209 30.
935 171 1080 215 Benigna
1105 177 1138 204 tu
1165 171 1310 205 defensio

298 224 461 254 Venenum
487 222 634 264 depellis,
982 222 1122 254 Tuorum
1149 221 1337 252 devotorum

249 270 340 312 Quod
367 270 509 302 immittit
534 270 653 302 astutia
935 270 1042 310 Atque
1067 269 1152 301 salus
1178 267 1318 301 omnium

299 318 434 358 Maligni
461 318 651 357 versipellis.
982 317 1026 350 Et
1051 322 1152 349 mater
1178 316 1409 356 orphanorum.

167 435 223 467 26.
251 431 297 467 Te
322 432 459 465 fatemur
485 433 644 464 dominam
855 457 911 491 31.
939 453 977 489 In
1005 456 1064 488 hoc
1089 464 1164 495 ergo
1191 463 1326 494 corpore

298 482 514 521 Reginamque
540 481 709 522 caelorum,

251 529 389 561 Secerne
415 539 472 560 nos
498 538 517 560 a
539 529 653 560 loculis

296 578 339 609 Et
365 578 475 616 poenis
501 576 708 610 infernorum.

982 503 1025 535 Et
1051 503 1160 535 mundi
1186 502 1337 542 procellis

937 551 1026 582 Lites
1052 549 1144 583 aufe'r
1170 549 1312 582 cordium

982 599 1025 630 Et
1052 599 1143 630 finem
1171 606 1252 638 pone
1279 597 1384 629 bellis.

167 693 185 725 2
193 692 222 725 7.
249 689 348 731 Regis
376 691 601 724 habitaculum.

299 739 426 770 Domini
452 738 601 778 Mess1ae,
854 739 909 771 32.
936 734 1054 771 Nostra
1080 745 1163 767 nunc
1189 736 1385 776 precamina,

250 787 345 818 Salva
372 796 428 817 nos
455 787 486 817 in
513 786 617 817 stadio
983 785 1095 825 Virgo,
1122 783 1174 815 fac
1199 784 1339 815 iucunda

299 835 479 866 Praesentis
505 833 598 865 huius
624 833 704 867 viae.
937 831 1065 864 Christo
1091 835 1144 862 tuo
1170 831 1247 869 filio,

985 881 1050 912 Fac
1082 879 1180 910 corda
1205 883 1313 910 nostra
1341 877 1472 910 munda.

166 950 222 982 28.
248 946 331 989 Ave,
358 960 375 978 o
402 948 547 987 ficulnea.

299 997 387 1043 Dan}
414 997 535 1036 Signum
562 997 705 1033 aesmns‘
855 1016 909 1047 33.
939 1010 1062 1053 Gaude,
1090 1016 1232 1044 nostrum
1259 1011 1409 1051 gaudium

255 1045 305 1076 Ad
335 1052 431 1074 verna
457 1044 605 1075 aetherea

649 1091 654 1096 .
984 1062 1090 1101 Atque
1116 1061 1329 1098 consolamen,

298 1092 368 1123 Duc
393 1101 449 1122 ¹¹⁰³
476 1100 544 1122 ⁰⁰⁰¹
573 1092 685 1123 beans·
937 1108 1107 1140 Patronam
1135 1117 1217 1139 nunc
1243 1115 1391 1147 rogamus

985 1156 1105 1188 Mentis
1132 1165 1190 1194 per
1215 1156 1376 1187 nictamen

166 1207 220 1239 29.
248 1203 350 1246 Virgo
376 1205 576 1236 admirabilis
937 1204 1049 1236 Carnis
1076 1208 1146 1244 post
1173 1203 1345 1234 excidium.

299 1255 334 1284 In
361 1254 553 1290 conditione,
986 1251 1034 1282 Ne
1061 1252 1271 1282 remoriamen

250 1301 343 1332 Assis
371 1301 432 1331 tuis
460 1300 588 1331 famulis
938 1298 1063 1337 Facias,
1091 1299 1146 1329 sed
1174 1298 1311 1330 hostium

302 1348 378 1379 Cum
405 1348 614 1387 protectione,
988 1346 1055 1377 Vim
1083 1347 1233 1384 repellas,
1285 1348 1398 1377 Amen.

233 1480 313 1506 Orat.
342 1489 392 1504 ins.
421 1480 449 1505 ὅ.
478 1479 556 1505 Petri
584 1480 784 1514 Salisburgen.
813 1487 888 1506 saec.
920 1478 962 1506 15.
1009 1480 1079 1505 cod.
1110 1479 1217 1505 Petrin.
1247 1486 1264 1504 a
1292 1479 1332 1505 IV
1363 1476 1409 1505 39.
1436 1493 1473 1498 —

155 1515 206 1545 33,
233 1515 251 1544 3
272 1517 311 1543 Et
340 1522 490 1551 patronam
519 1526 603 1543 nune.
634 1532 667 1535 —
696 1515 748 1550 33,
776 1515 795 1544 4
822 1517 864 1544 Zu
890 1519 1080 1544 nictamen
1101 1517 1148 1543 die
1172 1517 1344 1544 erklarende
1366 1516 1473 1545 Glosse

154 1555 402 1590 vigilantiam.
426 1570 461 1573 Α
487 1555 656 1582 Aufschrift:
688 1556 807 1590 „Oratio
829 1556 864 1582 de
894 1556 1036 1583 adiutrice
1058 1561 1168 1582 nostra.
1190 1556 1286 1583 MarIa
1309 1555 1475 1589 theotocos,

154 1595 307 1621 continens
339 1593 392 1619 hoc
423 1602 528 1620 nomen
560 1594 745 1621 Iohannes
776 1594 1093 1622 Keckenstorffer
1133 1595 1172 1621 de
1203 1595 1413 1628 straubing
1443 1595 1475 1620 in

154 1632 229 1659 serie
257 1632 454 1667 capitaliuni.⁴⁴
482 1646 514 1650 —
538 1633 683 1659 Iohannes
714 1633 748 1660 de
776 1632 936 1668 Straubing
964 1641 1024 1659 war
1051 1633 1158 1660 Monch
1188 1642 1245 1659 von
1271 1633 1312 1659 St.
1335 1633 1421 1660 Peter
1443 1634 1474 1659 in

154 1669 307 1705 Salzburg.
330 1670 401 1705 prof.
424 1668 468 1696 28.
491 1670 553 1696 Jnli
578 1669 659 1698 1456.
682 1672 728 1697 ob.
750 1669 796 1697 25.
818 1671 880 1697 Mai
904 1669 986 1698 1501.

592 1897 655 1929 154.
697 1898 738 1928 De
760 1898 858 1929 Beata
879 1897 978 1929 Maria
1001 1898 1034 1927 V.

196 2037 225 2068 1.
255 2036 339 2067 Deus
367 2036 576 2075 admirabilis,
884 2038 916 2069 2.
944 2035 1147 2076 sempiterna
1173 2037 1311 2078 trinitas,

302 2083 393 2115 Solus
420 2084 619 2116 immortaliS.
990 2084 1056 2115 Ens
1082 2084 1114 2114 in
1140 2084 1273 2123 unitate⁷

253 2131 354 2162 Filius
381 2131 576 2170 spectabilis,
942 2131 1112 2164 Trinitatis
1138 2133 1242 2164 unitas

304 2179 394 2211 Patri
420 2180 610 2220 coaequalis,
989 2179 1066 2211 Pari
1091 2180 1268 2219 maiestate,

254 2227 279 2258 Ο
307 2227 541 2264 inenarrabilis,
943 2227 1156 2259 Perseverans
1184 2228 1287 2260 deitas

301 2274 438 2314 Spiritus
465 2275 616 2316 aequalis,
988 2275 1026 2306 In
1051 2275 1256 2314 aequalitate,

253 2323 363 2354 Trium
389 2331 519 2354 manens
545 2322 670 2354 stabitis
942 2321 1126 2355 Conformis
1151 2325 1331 2364 aequalitas

302 2370 423 2402 Norma
448 2370 586 2403 socialis.
990 2370 1062 2403 Una
1089 2370 1219 2404 deitate.
