1651 2680
728 96 989 130 —158—

307 194 361 226 10.
391 191 550 223 Maximus
578 191 609 222 in
631 192 736 230 pretio
761 191 945 231 primusque
971 192 1087 224 decore
1113 193 1248 232 topaton

386 239 537 270 Aetheris
563 248 601 270 ac
626 238 706 271 fulvi
731 240 870 278 speciem
897 239 990 271 simul
1014 234 1144 272 exhibet
1169 239 1248 281 auri,

389 287 425 318 In
452 286 567 326 quibus
593 287 714 318 arridet
739 290 793 317 tua
818 287 920 318 virtus
946 293 978 318 et
1003 287 1151 319 meritum
1176 287 1299 328 ingens,

389 335 456 374 Quo
481 343 613 374 superos
639 343 783 374 superas,
810 335 922 366 melior
948 334 1135 367 mortalibus
1161 339 1278 367 exstas.

309 441 360 472 11.
390 439 522 471 Lumine
549 448 737 478 purpureuS,
765 437 847 470 facie
874 439 985 471 viridis
1009 440 1258 480 chrysoprassus

387 487 628 526 Distinctusque
653 496 731 518 auro
757 490 811 518 tua
837 486 900 518 fert
925 487 1072 528 insignia,
1100 487 1200 527 virgo,

385 536 471 575 Quae
498 535 601 566 solido
627 534 702 566 fidei
728 534 870 573 prudens
895 536 1082 575 patiensque
1108 533 1207 567 fuisti.

308 642 361 674 12,
390 641 504 672 Prasso
531 644 672 679 guttatus
700 639 780 669 viret
805 642 839 670 ut
864 640 960 670 maris
986 640 1071 671 unda
1096 638 1258 678 iacyntus,

388 688 429 719 Et
458 693 501 724 tu,
530 692 637 719 nostra
664 688 748 718 salus
775 696 812 717 ac
838 688 948 718 mundi
974 687 1123 726 praeclue
1149 687 1248 724 sidus,

390 736 549 766 Virtutum
578 736 678 766 titulis
704 736 735 765 in
762 738 872 765 nostra
898 744 993 766 carne
1019 734 1151 767 notaris.

305 842 358 875 13,
386 841 514 879 Optime
541 849 720 879 purpureus
747 848 784 870 ac
810 848 906 870 suave
932 840 1049 871 rubens
1075 838 1269 878 amethystus

387 889 423 920 In
450 893 480 918 te
508 889 634 919 virtutis
660 887 820 928 specimen
847 888 987 926 speciale
1012 885 1165 925 refundit,

388 936 485 975 Regia
512 936 680 975 progenies
707 935 960 974 christorumque
985 935 1095 966 inclita
1122 934 1240 973 proles,

389 984 456 1022 Qua
484 982 573 1014 fulsit
600 984 718 1014 mundo
745 992 838 1013 verus
866 992 921 1014 rex
946 987 1041 1022 atque
1067 982 1228 1013 sacerdos.

192 1126 206 1151 ζ
271 1088 388 1153 ΜείιΞΞ2
403 1087 570 1114 Chronicon
603 1097 654 1113 uis.
683 1087 908 1113 Fontanellense
936 1096 1010 1114 saec.
1038 1083 1090 1122 [9.]
1113 1084 1155 1112 12.
1184 1084 1264 1121 [15.].
1309 1086 1380 1113 Cod.
1409 1085 1514 1111 Portus

205 1128 310 1153 initiae
332 1128 356 1150 :-
397 1146 402 1151 .

631 1229 690 1259 105.
731 1227 772 1257 De
794 1227 892 1257 Beata
913 1227 1014 1258 Maria
1037 1228 1070 1257 V.

415 1327 518 1367 Salve,
546 1327 635 1366 virgo
662 1328 724 1366 pia,
754 1327 832 1357 caeli
861 1327 969 1366 regina
994 1326 1111 1363 Maria,

414 1375 580 1413 Exemplis
607 1375 704 1411 clara,
733 1374 855 1404 miseris
880 1383 1039 1412 succurre,
1067 1373 1187 1412 regina,

415 1422 504 1452 Dura
531 1423 615 1452 velut
642 1431 719 1453 saxa
746 1426 779 1452 tu
806 1422 939 1452 erimina
966 1426 1074 1452 nostra
1100 1421 1218 1454 relaxa.

414 1470 512 1500 Ianua
538 1474 571 1500 tu
598 1470 688 1507 caeli,
715 1473 749 1499 tu
774 1473 867 1508 porta
890 1474 1003 1508 patens
1030 1469 1183 1508 paradisi,

417 1517 514 1547 Posce
539 1517 584 1547 tui
612 1516 748 1548 fructum
776 1517 897 1547 ventris
923 1517 975 1556 qui
1002 1525 1058 1548 nos
1086 1516 1289 1548 benedictum

420 1565 560 1597 Collocet
584 1566 616 1595 in
644 1564 750 1600 caelis,
778 1564 921 1595 tribuens
945 1565 999 1604 pia
1024 1564 1141 1604 gaudia
1167 1565 1300 1598 cunctis,

417 1612 520 1644 Filius
547 1613 601 1642 ille
628 1618 720 1651 pater
745 1612 813 1643 tibi,
842 1613 890 1642 cui
918 1616 951 1642 tu
976 1612 1053 1644 filia.
1080 1616 1192 1649 mater,

417 1659 450 1690 Si
477 1661 568 1698 petis,
596 1661 664 1699 ipse
691 1659 790 1697 dabit,
817 1660 890 1698 quia
917 1661 1012 1692 matri
1036 1660 1123 1691 nulla
1150 1660 1289 1700 negabit.

275 1763 394 1791 Colleet.
417 1772 467 1789 ms.
490 1763 650 1790 Zwetlense
672 1772 746 1790 saec.
772 1761 814 1789 12.
855 1764 924 1790 Cod.
947 1765 1083 1791 Zwetleu.
1104 1762 1168 1790 355.
1191 1764 1257 1791 add.
1278 1773 1355 1792 saec.
1379 1762 1451 1792 ¹3lu,-

633 1915 691 1944 106.
735 1914 774 1943 lte
798 1913 893 1943 Beata
916 1914 1015 1945 Maria
1037 1915 1071 1945 V.

423 2024 520 2063 Virgo
546 2023 755 2054 restauratrix
782 2024 954 2063 mundique
981 2025 1092 2056 salutis
1118 2025 1268 2063 amatrix,

420 2071 514 2102 Lucis
540 2071 738 2106 adornatrix,
765 2070 967 2103 tenebrarum
994 2073 1087 2104 stella
1113 2071 1265 2113 fugatrix‚

422 2119 516 2150 Vitae
542 2119 630 2158 larga
656 2118 774 2157 datrix,
804 2118 892 2150 dirae
920 2121 1031 2151 mortis
1057 2121 1250 2160 superatrix,

420 2166 547 2198 Caelica
571 2167 745 2206 regnatrix,
772 2167 957 2198 mediatoris
982 2168 1165 2208 mediatrix,

421 2214 471 2245 Sis
498 2214 702 2253 consolatrix,
729 2214 772 2244 sis
799 2214 889 2246 nobis
915 2216 1111 2248 auxiliatrix

276 2319 395 2354 Antiph.
424 2327 476 2344 ms.
506 2318 750 2346 Lambrechtense
777 2326 852 2345 saec.
884 2316 956 2345 ¹²l13.
1005 2319 1074 2347 Cod.
1101 2320 1243 2347 Graecen.
1270 2320 1328 2350 258
1356 2323 1422 2350 add.
1446 2321 1520 2350 ¹²l13.

199 2358 265 2392 (mit
293 2358 444 2390 Neumen).
473 2357 507 2383 A.
535 2371 572 2375 —
599 2357 718 2384 Collect.
745 2365 797 2383 ms.
824 2357 1020 2386 Gottwicense
1051 2366 1126 2385 saec.
1155 2357 1198 2385 15.
1246 2360 1317 2387 Cod.
1345 2361 1522 2390 Gottwioen.

201 2395 266 2425 507.
289 2397 319 2424 B.
341 2411 377 2416 —
398 2392 416 2422 3
436 2396 538 2422 mortis
560 2397 731 2430 imperatrix
753 2395 783 2422 B.
