1651 2680
688 138 732 143 —
783 117 949 152 369—

528 212 583 245 19.
608 213 714 246 Fraus
738 217 789 246 est
811 214 846 245 in
869 215 1016 254 notariis,

654 261 713 293 sed
738 269 802 293 non
828 259 916 294 fraus
940 263 1081 307 immota,

607 308 676 340 Hac
700 309 732 340 in
759 312 852 349 parte
878 310 985 342 curiae

654 355 735 387 fides
762 359 811 387 est
836 362 969 397 remota,

605 403 702 435 Carta
730 412 842 436 carens
869 406 975 444 pretio

652 460 715 482 non
742 451 864 483 carebit
890 457 974 490 nota,

607 498 670 530 Sed
698 500 855 539 scriptum
882 502 1024 542 reperies

650 547 775 586 apicem
799 556 858 586 pro
884 548 961 583 iota.

230 629 351 657 Colleet.
373 638 426 657 ms.
448 629 639 657 Veronense?
662 639 736 658 saec.
762 630 805 658 14.
847 632 916 659 Cod.
939 635 1082 661 oxonien.
1105 634 1214 661 Canon.
1230 635 1355 662 Miscell.
1378 634 1423 663 95.
1439 647 1477 652 -

156 667 308 694 Ab'schrift
327 677 385 694 von
406 669 476 695 Rev.
499 668 536 694 H.
560 669 599 694 M.
621 669 787 698 Bannister.

573 782 640 812 325.
682 782 715 812 In
738 782 860 814 Curiam
883 783 1060 815 Romanam.

167 862 196 894 1.
224 861 336 898 Tuum,
364 861 451 900 Sion,
479 861 626 892 exsilium
858 866 890 896 3.
918 865 1027 896 Yicem
1055 874 1142 897 suam
1169 865 1217 896 ius
1244 865 1370 902 alterat,

271 909 433 941 Mirantur
458 909 506 940 sol
534 913 565 940 et
590 910 710 946 sidera,
965 913 1053 944 Ordo
1079 916 1212 944 naturae
1238 914 1384 955 vertitur,

224 957 272 990 Ob
299 958 386 989 cuius
413 957 636 989 exterminium
915 960 1023 991 Mater
1048 970 1120 992 suos
1148 960 1305 992 eviscerat

272 1006 374 1038 Roma
399 1005 463 1038 ruit
488 1005 645 1046 adultera,
966 1008 1077 1049 Natos,
1105 1008 1220 1047 quibus
1246 1008 1399 1049 abutitur,

222 1053 325 1086 Huius
349 1053 520 1086 obumbrat
545 1053 656 1084 vitium
916 1056 1061 1094 Aequum
1089 1056 1192 1087 scelus
1220 1062 1402 1095 exsuperat.

272 1102 368 1143 Legis
395 1101 516 1134 ruentis
541 1101 647 1139 litera,
964 1103 1027 1134 Fas
1054 1104 1084 1134 in
1113 1102 1203 1135 nefas
1231 1105 1438 1143 convertitur,

226 1150 418 1182 Producitur
443 1150 475 1181 in
501 1150 652 1187 medium,
915 1150 1070 1182 Nummus
1104 1160 1162 1191 per
1188 1151 1298 1183 orbem
1325 1152 1474 1192 imperat.

271 1198 372 1230 Cedat
397 1203 429 1230 et
454 1197 555 1229 Babel
579 1198 690 1237 altera,
963 1200 1023 1237 Qui
1050 1208 1175 1238 pauper
1201 1204 1260 1237 est,
1287 1200 1474 1240 despicitur.

224 1246 390 1287 Regnante
415 1246 535 1279 Romae
560 1247 638 1278 vitio
913 1247 1081 1286 Regnante
1108 1247 1229 1279 Romae
1255 1248 1334 1279 vitio

225 1294 348 1335 Regnat
374 1295 476 1327 omnis
501 1295 624 1327 abusio.
913 1295 1039 1334 Regnat
1065 1295 1166 1327 omnis
1193 1295 1314 1328 abusio.

165 1373 196 1405 2.
223 1372 337 1404 Petrus
362 1372 445 1404 iacet
469 1372 502 1403 in
529 1372 675 1413 vinculis,
854 1374 886 1405 4.
914 1373 1052 1403 Albinus
1079 1377 1185 1404 servat
1213 1373 1351 1413 ianuam,

270 1421 370 1452 Vetus
393 1421 478 1453 iacet
503 1420 681 1460 clementia,
960 1420 1094 1453 Rufinus
1122 1430 1233 1451 causas
1260 1422 1386 1462 recipit,

221 1468 395 1501 Exaltatur
418 1470 451 1501 in
477 1469 610 1509 singulis
912 1469 972 1508 Qui
998 1470 1156 1509 pupillum
1185 1474 1214 1500 et
1244 1469 1371 1500 viduam

269 1517 376 1549 Simon
402 1524 432 1549 et
459 1518 604 1559 avaritia,
961 1517 1051 1549 Nihil
1078 1517 1218 1549 ferentes
1247 1518 1403 1559 despicit3

221 1565 398 1598 Neronizat
421 1567 454 1598 in
480 1566 581 1597 oculis
912 1565 1056 1606 Uterque
1082 1575 1209 1598 manum
1237 1576 1369 1598 vacuam

272 1613 353 1646 Suae
378 1614 480 1654 prolis
505 1614 650 1655 ecclesia,
961 1615 1118 1646 Minando
1145 1615 1259 1654 procul
1287 1615 1387 1646 abicit

223 1662 277 1704 Et,
304 1662 357 1702 qui
381 1663 438 1694 lux
464 1667 513 1694 est
538 1663 569 1694 in
596 1662 734 1704 populis,
913 1662 1049 1695 Dicens:
1078 1664 1123 1694 nil
1152 1663 1265 1694 dantes
1293 1673 1413 1701 eruam,

270 1711 415 1743 Recessit
442 1719 462 1742 a
486 1710 619 1744 iustitia.
962 1711 1015 1742 Sic
1040 1712 1204 1743 adulando
1232 1712 1364 1752 decipit.

221 1758 388 1799 Regnante
412 1758 534 1792 Romae
560 1758 637 1790 vitio
914 1758 1080 1798 Regnante
1106 1759 1227 1791 Romae
1253 1760 1330 1792 vitio

219 1806 344 1848 Regnat
369 1807 472 1839 omnis
498 1807 620 1841 abusio,
914 1806 1040 1846 Regnat
1065 1807 1168 1838 omnis
1194 1807 1317 1841 abusio.

492 1887 523 1917 5.
550 1884 723 1916 Praebenti
748 1887 836 1924 patet
865 1882 972 1914 aditus

600 1933 703 1972 Eique
728 1931 764 1964 fit
789 1931 915 1972 petitio,

554 1981 608 2013 Nil
636 1980 787 2013 dantibus
812 1978 963 2010 introitus

602 2028 776 2061 Refutatur
801 2036 860 2067 pro
887 2027 985 2067 vitio;

556 2079 592 2110 In
620 2077 773 2109 Romanis
798 2075 948 2107 interitus

603 2125 726 2157 Crescit
753 2126 850 2163 atque
876 2122 1028 2162 perditio,

555 2173 638 2204 Nam
666 2173 767 2204 Roma
793 2170 911 2202 rodens
938 2169 1082 2202 funditus

602 2220 675 2252 Non
702 2219 803 2251 servit
828 2218 884 2249 vili
910 2218 1025 2257 pretio.

557 2268 725 2308 Regnante
749 2268 870 2300 Romae
898 2265 976 2298 vitio

556 2316 683 2356 Regnat
708 2314 810 2347 omnis
836 2313 958 2346 abusio.

231 2393 354 2422 Collect.
379 2402 434 2421 ms.
461 2392 492 2420 S.
513 2392 616 2420 Iacobi
643 2390 784 2418 Leodien.
812 2397 888 2416 saec.
919 2386 963 2416 13.
1011 2389 1072 2417 Cod
1094 2390 1311 2420 Darmstadien.
1334 2391 1417 2419 2777.
1439 2406 1479 2411 -ψ

151 2434 237 2463 Nach
258 2433 325 2460 dem
344 2431 524 2460 Rundreime
545 2439 583 2457 zu
603 2428 771 2462 schliel'sen,
791 2427 942 2455 vielleieht
962 2428 1038 2456 auch
1059 2429 1176 2456 Cautio.

210 2484 352 2511 Dreves,
376 2481 426 2504 Pia
442 2479 608 2504 Dictamina.
640 2478 702 2502 VII.
1269 2477 1306 2506 24
