<?xml version="1.0" encoding="UTF-8"?>
<!DOCTYPE html PUBLIC "-//W3C//DTD XHTML 1.0 Transitional//EN"
    "http://www.w3.org/TR/xhtml1/DTD/xhtml1-transitional.dtd">
<html xmlns="http://www.w3.org/1999/xhtml" xml:lang="en" lang="en">
 <head>
  <title>
</title>
<meta http-equiv="Content-Type" content="text/html;charset=utf-8" />
  <meta name='ocr-system' content='tesseract 3.04.00' />
  <meta name='ocr-capabilities' content='ocr_page ocr_carea ocr_par ocr_line ocrx_word'/>
</head>
<body>
  <div class='ocr_page' id='page_1' title='image "./analectahymnica46drevuoft/analectahymnica46drevuoft_0248.png"; bbox 0 0 1651 2680; ppageno 0'>
   <div class='ocr_carea' id='block_1_1' title="bbox 704 100 964 136">
    <p class='ocr_par' dir='ltr' id='par_1_1' title="bbox 704 100 964 136">
     <span class='ocr_line' id='line_1_1' title="bbox 704 100 964 136; baseline 0.004 -1"><span class='ocrx_word' id='word_1_1' title='bbox 704 100 964 136; x_wconf 87' lang='lat'>—245—</span> 
     </span>
    </p>
   </div>
   <div class='ocr_carea' id='block_1_2' title="bbox 559 241 1103 274">
    <p class='ocr_par' dir='ltr' id='par_1_2' title="bbox 559 241 1103 274">
     <span class='ocr_line' id='line_1_2' title="bbox 559 241 1103 274; baseline 0.002 -2"><span class='ocrx_word' id='word_1_2' title='bbox 559 241 619 273; x_wconf 88' lang='grc'><strong>198.</strong></span> <span class='ocrx_word' id='word_1_3' title='bbox 661 242 703 272; x_wconf 81' lang='lat' dir='ltr'>De</span> <span class='ocrx_word' id='word_1_4' title='bbox 723 243 831 274; x_wconf 78' lang='lat' dir='ltr'>saneto</span> <span class='ocrx_word' id='word_1_5' title='bbox 851 241 1103 273; x_wconf 78' lang='lat' dir='ltr'>Bai-tholomaeo.</span> 
     </span>
    </p>
   </div>
   <div class='ocr_carea' id='block_1_3' title="bbox 185 331 765 611">
    <p class='ocr_par' dir='ltr' id='par_1_3' title="bbox 185 331 728 467">
     <span class='ocr_line' id='line_1_3' title="bbox 185 331 672 371; baseline -0.002 -7"><span class='ocrx_word' id='word_1_6' title='bbox 185 332 216 364; x_wconf 93' lang='lat'>1.</span> <span class='ocrx_word' id='word_1_7' title='bbox 242 331 407 371; x_wconf 77' lang='lat' dir='ltr'>Excitare‚</span> <span class='ocrx_word' id='word_1_8' title='bbox 433 341 452 363; x_wconf 95' lang='grc' dir='ltr'>ο</span> <span class='ocrx_word' id='word_1_9' title='bbox 478 339 534 363; x_wconf 92' lang='lat' dir='ltr'>cor</span> <span class='ocrx_word' id='word_1_10' title='bbox 559 341 672 371; x_wconf 88' lang='lat' dir='ltr'>meum,</span> 
     </span>
     <span class='ocr_line' id='line_1_4' title="bbox 244 379 728 412; baseline -0.002 -1"><span class='ocrx_word' id='word_1_11' title='bbox 244 379 423 411; x_wconf 81' lang='lat' dir='ltr'>Laudando</span> <span class='ocrx_word' id='word_1_12' title='bbox 449 379 728 412; x_wconf 83' lang='lat' dir='ltr'>Bartholomaeum</span> 
     </span>
     <span class='ocr_line' id='line_1_5' title="bbox 292 426 653 467; baseline 0.003 -9"><span class='ocrx_word' id='word_1_13' title='bbox 292 427 371 459; x_wconf 91' lang='lat' dir='ltr'>Cum</span> <span class='ocrx_word' id='word_1_14' title='bbox 397 436 474 458; x_wconf 88' lang='lat' dir='ltr'>voce</span> <span class='ocrx_word' id='word_1_15' title='bbox 499 426 653 467; x_wconf 81' lang='lat' dir='ltr'>laetitiae,</span> 
     </span>
    </p>

    <p class='ocr_par' dir='ltr' id='par_1_4' title="bbox 243 475 765 611">
     <span class='ocr_line' id='line_1_6' title="bbox 243 475 765 515; baseline 0 -9"><span class='ocrx_word' id='word_1_16' title='bbox 243 475 303 515; x_wconf 81' lang='lat' dir='ltr'>Qui</span> <span class='ocrx_word' id='word_1_17' title='bbox 329 478 377 506; x_wconf 85' lang='lat' dir='ltr'>est</span> <span class='ocrx_word' id='word_1_18' title='bbox 401 479 513 514; x_wconf 88' lang='lat' dir='ltr'>petens</span> <span class='ocrx_word' id='word_1_19' title='bbox 539 476 625 515; x_wconf 83' lang='lat' dir='ltr'>apud</span> <span class='ocrx_word' id='word_1_20' title='bbox 654 476 765 515; x_wconf 88' lang='lat' dir='ltr'>Deum,</span> 
     </span>
     <span class='ocr_line' id='line_1_7' title="bbox 243 523 754 555; baseline 0 -1"><span class='ocrx_word' id='word_1_21' title='bbox 243 523 293 554; x_wconf 87' lang='lat' dir='ltr'>Ne</span> <span class='ocrx_word' id='word_1_22' title='bbox 317 531 367 554; x_wconf 90' lang='lat' dir='ltr'>me</span> <span class='ocrx_word' id='word_1_23' title='bbox 395 523 523 555; x_wconf 89' lang='lat' dir='ltr'>damnet</span> <span class='ocrx_word' id='word_1_24' title='bbox 549 533 639 554; x_wconf 86' lang='lat' dir='ltr'>suum</span> <span class='ocrx_word' id='word_1_25' title='bbox 669 532 754 555; x_wconf 87' lang='lat' dir='ltr'>reum</span> 
     </span>
     <span class='ocr_line' id='line_1_8' title="bbox 292 570 586 611; baseline -0.003 -8"><span class='ocrx_word' id='word_1_26' title='bbox 292 570 411 611; x_wconf 85' lang='lat' dir='ltr'>Rigore</span> <span class='ocrx_word' id='word_1_27' title='bbox 436 571 586 603; x_wconf 85' lang='lat' dir='ltr'>iustitiae.</span> 
     </span>
    </p>
   </div>
   <div class='ocr_carea' id='block_1_4' title="bbox 186 647 762 928">
    <p class='ocr_par' dir='ltr' id='par_1_5' title="bbox 186 647 762 928">
     <span class='ocr_line' id='line_1_9' title="bbox 186 647 654 685; baseline -0.002 -5"><span class='ocrx_word' id='word_1_28' title='bbox 186 649 221 680; x_wconf 89' lang='lat'>2.</span> <span class='ocrx_word' id='word_1_29' title='bbox 249 648 275 680; x_wconf 96' lang='lat' dir='ltr'>O</span> <span class='ocrx_word' id='word_1_30' title='bbox 299 647 544 679; x_wconf 88' lang='lat' dir='ltr'>Bartholomaee</span> <span class='ocrx_word' id='word_1_31' title='bbox 571 657 654 685; x_wconf 73' lang='lat' dir='ltr'>care,</span> 
     </span>
     <span class='ocr_line' id='line_1_10' title="bbox 246 695 762 736; baseline -0.004 -9"><span class='ocrx_word' id='word_1_32' title='bbox 246 695 272 727; x_wconf 94' lang='grc' dir='ltr'>Ο</span> <span class='ocrx_word' id='word_1_33' title='bbox 298 695 340 726; x_wconf 91' lang='lat' dir='ltr'>mi</span> <span class='ocrx_word' id='word_1_34' title='bbox 363 696 524 736; x_wconf 85' lang='lat' dir='ltr'>princeps,</span> <span class='ocrx_word' id='word_1_35' title='bbox 552 705 570 727; x_wconf 94' lang='lat' dir='ltr'>o</span> <span class='ocrx_word' id='word_1_36' title='bbox 598 695 762 736; x_wconf 83' lang='lat' dir='ltr'>praeclare</span> 
     </span>
     <span class='ocr_line' id='line_1_11' title="bbox 291 742 656 783; baseline 0.005 -9"><span class='ocrx_word' id='word_1_37' title='bbox 291 742 365 775; x_wconf 83' lang='lat' dir='ltr'>Dux</span> <span class='ocrx_word' id='word_1_38' title='bbox 389 742 656 783; x_wconf 77' lang='lat' dir='ltr'>magnificentiae.</span> 
     </span>
     <span class='ocr_line' id='line_1_12' title="bbox 245 791 718 831; baseline 0.006 -9"><span class='ocrx_word' id='word_1_39' title='bbox 245 791 293 823; x_wconf 91' lang='lat' dir='ltr'>Tu</span> <span class='ocrx_word' id='word_1_40' title='bbox 319 800 352 822; x_wconf 87' lang='lat' dir='ltr'>es</span> <span class='ocrx_word' id='word_1_41' title='bbox 378 800 525 831; x_wconf 85' lang='lat' dir='ltr'>magnum</span> <span class='ocrx_word' id='word_1_42' title='bbox 553 792 718 825; x_wconf 81' lang='lat' dir='ltr'>luminare.</span> 
     </span>
     <span class='ocr_line' id='line_1_13' title="bbox 245 839 638 876; baseline 0.003 -6"><span class='ocrx_word' id='word_1_43' title='bbox 245 839 317 870; x_wconf 85' lang='lat' dir='ltr'>Toti</span> <span class='ocrx_word' id='word_1_44' title='bbox 344 840 462 870; x_wconf 89' lang='lat' dir='ltr'>mundo</span> <span class='ocrx_word' id='word_1_45' title='bbox 488 840 638 876; x_wconf 79' lang='lat' dir='ltr'>salutare,</span> 
     </span>
     <span class='ocr_line' id='line_1_14' title="bbox 292 887 691 928; baseline 0.005 -10"><span class='ocrx_word' id='word_1_46' title='bbox 292 887 396 919; x_wconf 86' lang='lat' dir='ltr'>Mirae</span> <span class='ocrx_word' id='word_1_47' title='bbox 423 887 691 928; x_wconf 84' lang='lat' dir='ltr'>resplendentiae.</span> 
     </span>
    </p>
   </div>
   <div class='ocr_carea' id='block_1_5' title="bbox 187 963 727 1241">
    <p class='ocr_par' dir='ltr' id='par_1_6' title="bbox 187 963 727 1241">
     <span class='ocr_line' id='line_1_15' title="bbox 187 963 646 1005; baseline -0.004 -9"><span class='ocrx_word' id='word_1_48' title='bbox 187 965 219 996; x_wconf 87' lang='lat'>3.</span> <span class='ocrx_word' id='word_1_49' title='bbox 247 963 296 995; x_wconf 91' lang='lat' dir='ltr'>Tu</span> <span class='ocrx_word' id='word_1_50' title='bbox 322 963 442 995; x_wconf 86' lang='lat' dir='ltr'>ditator</span> <span class='ocrx_word' id='word_1_51' title='bbox 468 972 646 1005; x_wconf 83' lang='lat' dir='ltr'>egenorum,</span> 
     </span>
     <span class='ocr_line' id='line_1_16' title="bbox 244 1012 695 1051; baseline 0 -8"><span class='ocrx_word' id='word_1_52' title='bbox 244 1012 469 1050; x_wconf 83' lang='lat' dir='ltr'>Propugnator</span> <span class='ocrx_word' id='word_1_53' title='bbox 493 1016 695 1051; x_wconf 84' lang='lat' dir='ltr'>peccatorum</span> 
     </span>
     <span class='ocr_line' id='line_1_17' title="bbox 293 1058 662 1099; baseline 0.003 -9"><span class='ocrx_word' id='word_1_54' title='bbox 293 1058 360 1090; x_wconf 90' lang='lat' dir='ltr'>Hos</span> <span class='ocrx_word' id='word_1_55' title='bbox 385 1059 454 1090; x_wconf 92' lang='lat' dir='ltr'>Deo</span> <span class='ocrx_word' id='word_1_56' title='bbox 480 1058 662 1099; x_wconf 76' lang='lat' dir='ltr'>pacificans.</span> 
     </span>
     <span class='ocr_line' id='line_1_18' title="bbox 243 1107 638 1147; baseline 0 -9"><span class='ocrx_word' id='word_1_57' title='bbox 243 1107 414 1138; x_wconf 83' lang='lat' dir='ltr'>Liberator</span> <span class='ocrx_word' id='word_1_58' title='bbox 441 1107 638 1147; x_wconf 57' lang='lat' dir='ltr'>devotorumq</span> 
     </span>
     <span class='ocr_line' id='line_1_19' title="bbox 244 1155 642 1194; baseline 0 -9"><span class='ocrx_word' id='word_1_59' title='bbox 244 1155 378 1194; x_wconf 86' lang='lat' dir='ltr'>Ligator</span> <span class='ocrx_word' id='word_1_60' title='bbox 405 1155 642 1186; x_wconf 84' lang='lat' dir='ltr'>daemoniorum</span> 
     </span>
     <span class='ocr_line' id='line_1_20' title="bbox 295 1202 727 1241; baseline 0.005 -8"><span class='ocrx_word' id='word_1_61' title='bbox 295 1202 382 1233; x_wconf 83' lang='lat' dir='ltr'>Haec</span> <span class='ocrx_word' id='word_1_62' title='bbox 407 1212 512 1241; x_wconf 77' lang='lat' dir='ltr'>urens,</span> <span class='ocrx_word' id='word_1_63' title='bbox 538 1202 727 1236; x_wconf 80' lang='lat' dir='ltr'>mutificans.</span> 
     </span>
    </p>
   </div>
   <div class='ocr_carea' id='block_1_6' title="bbox 183 1279 777 1554">
    <p class='ocr_par' dir='ltr' id='par_1_7' title="bbox 183 1279 777 1554">
     <span class='ocr_line' id='line_1_21' title="bbox 183 1279 670 1320; baseline -0.002 -8"><span class='ocrx_word' id='word_1_64' title='bbox 183 1279 214 1312; x_wconf 83' lang='lat'>4.</span> <span class='ocrx_word' id='word_1_65' title='bbox 245 1279 368 1320; x_wconf 88' lang='lat' dir='ltr'>Gaude,</span> <span class='ocrx_word' id='word_1_66' title='bbox 395 1280 426 1311; x_wconf 92' lang='lat' dir='ltr'>in</span> <span class='ocrx_word' id='word_1_67' title='bbox 454 1281 670 1320; x_wconf 86' lang='lat' dir='ltr'>apostolorum</span> 
     </span>
     <span class='ocr_line' id='line_1_22' title="bbox 242 1327 630 1359; baseline 0.003 -1"><span class='ocrx_word' id='word_1_68' title='bbox 242 1328 386 1359; x_wconf 87' lang='lat' dir='ltr'>Numero</span> <span class='ocrx_word' id='word_1_69' title='bbox 412 1327 630 1359; x_wconf 88' lang='lat' dir='ltr'>duodenorum</span> 
     </span>
     <span class='ocr_line' id='line_1_23' title="bbox 294 1373 658 1410; baseline 0.011 -5"><span class='ocrx_word' id='word_1_70' title='bbox 294 1373 378 1406; x_wconf 89' lang='lat' dir='ltr'>Vere</span> <span class='ocrx_word' id='word_1_71' title='bbox 404 1380 470 1407; x_wconf 84' lang='lat' dir='ltr'>stas</span> <span class='ocrx_word' id='word_1_72' title='bbox 498 1375 658 1410; x_wconf 73' lang='lat' dir='ltr'>dulcifluo.</span> 
     </span>
     <span class='ocr_line' id='line_1_24' title="bbox 243 1422 777 1464; baseline 0.002 -10"><span class='ocrx_word' id='word_1_73' title='bbox 243 1424 310 1462; x_wconf 85' lang='lat' dir='ltr'>Quo</span> <span class='ocrx_word' id='word_1_74' title='bbox 336 1427 510 1463; x_wconf 80' lang='lat' dir='ltr'>tanguntur</span> <span class='ocrx_word' id='word_1_75' title='bbox 533 1422 628 1455; x_wconf 88' lang='lat' dir='ltr'>flores</span> <span class='ocrx_word' id='word_1_76' title='bbox 654 1423 777 1464; x_wconf 84' lang='lat' dir='ltr'>florum,</span> 
     </span>
     <span class='ocr_line' id='line_1_25' title="bbox 241 1470 691 1504; baseline 0.004 -2"><span class='ocrx_word' id='word_1_77' title='bbox 241 1470 345 1503; x_wconf 80' lang='lat' dir='ltr'><strong>Penes</strong></span> <span class='ocrx_word' id='word_1_78' title='bbox 371 1475 473 1504; x_wconf 86' lang='lat' dir='ltr'>artem</span> <span class='ocrx_word' id='word_1_79' title='bbox 499 1472 691 1504; x_wconf 89' lang='lat' dir='ltr'>musicorum</span> 
     </span>
     <span class='ocr_line' id='line_1_26' title="bbox 291 1519 630 1554; baseline 0.003 -2"><span class='ocrx_word' id='word_1_80' title='bbox 291 1519 442 1552; x_wconf 81' lang='lat' dir='ltr'>sonando</span> <span class='ocrx_word' id='word_1_81' title='bbox 469 1519 630 1554; x_wconf 86' lang='lat' dir='ltr'>melliflue.</span> 
     </span>
    </p>
   </div>
   <div class='ocr_carea' id='block_1_7' title="bbox 874 331 1430 364">
    <p class='ocr_par' dir='ltr' id='par_1_8' title="bbox 874 331 1430 364">
     <span class='ocr_line' id='line_1_27' title="bbox 874 331 1430 364; baseline -0.004 0"><span class='ocrx_word' id='word_1_82' title='bbox 874 334 904 364; x_wconf 87' lang='lat'>5.</span> <span class='ocrx_word' id='word_1_83' title='bbox 934 332 1015 364; x_wconf 91' lang='lat' dir='ltr'>Nam</span> <span class='ocrx_word' id='word_1_84' title='bbox 1042 336 1173 364; x_wconf 85' lang='lat' dir='ltr'>octavus</span> <span class='ocrx_word' id='word_1_85' title='bbox 1201 331 1430 364; x_wconf 85' lang='lat' dir='ltr'>descendendo</span> 
     </span>
    </p>
   </div>
   <div class='ocr_carea' id='block_1_8' title="bbox 932 379 1474 611">
    <p class='ocr_par' dir='ltr' id='par_1_9' title="bbox 934 379 1423 467">
     <span class='ocr_line' id='line_1_28' title="bbox 934 379 1423 419; baseline 0 -8"><span class='ocrx_word' id='word_1_86' title='bbox 934 380 978 411; x_wconf 88' lang='lat' dir='ltr'>Es</span> <span class='ocrx_word' id='word_1_87' title='bbox 1006 384 1037 411; x_wconf 87' lang='lat' dir='ltr'>et</span> <span class='ocrx_word' id='word_1_88' title='bbox 1063 380 1191 419; x_wconf 91' lang='lat' dir='ltr'>quintus</span> <span class='ocrx_word' id='word_1_89' title='bbox 1213 379 1423 412; x_wconf 82' lang='lat' dir='ltr'>ascendendo</span> 
     </span>
     <span class='ocr_line' id='line_1_29' title="bbox 982 427 1346 467; baseline -0.005 -7"><span class='ocrx_word' id='word_1_90' title='bbox 982 428 1081 460; x_wconf 84' lang='lat' dir='ltr'>Recte</span> <span class='ocrx_word' id='word_1_91' title='bbox 1107 427 1346 467; x_wconf 83' lang='lat' dir='ltr'>magistraliter.</span> 
     </span>
    </p>

    <p class='ocr_par' dir='ltr' id='par_1_10' title="bbox 932 474 1474 516">
     <span class='ocr_line' id='line_1_30' title="bbox 932 474 1474 516; baseline -0.004 -9"><span class='ocrx_word' id='word_1_92' title='bbox 932 476 982 507; x_wconf 87' lang='lat' dir='ltr'>Ex</span> <span class='ocrx_word' id='word_1_93' title='bbox 1008 486 1069 516; x_wconf 89' lang='lat' dir='ltr'>quo</span> <span class='ocrx_word' id='word_1_94' title='bbox 1093 474 1178 507; x_wconf 75' lang='lat' dir='ltr'>facto</span> <span class='ocrx_word' id='word_1_95' title='bbox 1204 476 1263 507; x_wconf 93' lang='lat' dir='ltr'>hoc</span> <span class='ocrx_word' id='word_1_96' title='bbox 1289 475 1474 514; x_wconf 81' lang='lat' dir='ltr'>perpendo,</span> 
     </span>
    </p>

    <p class='ocr_par' dir='ltr' id='par_1_11' title="bbox 933 522 1413 611">
     <span class='ocr_line' id='line_1_31' title="bbox 933 522 1413 562; baseline -0.002 -8"><span class='ocrx_word' id='word_1_97' title='bbox 933 523 1079 561; x_wconf 74' lang='lat' dir='ltr'>Dulcem,</span> <span class='ocrx_word' id='word_1_98' title='bbox 1107 523 1192 562; x_wconf 87' lang='lat' dir='ltr'>pium</span> <span class='ocrx_word' id='word_1_99' title='bbox 1219 528 1250 554; x_wconf 82' lang='lat' dir='ltr'>te</span> <span class='ocrx_word' id='word_1_100' title='bbox 1276 522 1413 554; x_wconf 81' lang='lat' dir='ltr'>essendo</span> 
     </span>
     <span class='ocr_line' id='line_1_32' title="bbox 986 572 1306 611; baseline 0.003 -10"><span class='ocrx_word' id='word_1_101' title='bbox 986 572 1084 603; x_wconf 85' lang='lat' dir='ltr'>Valde</span> <span class='ocrx_word' id='word_1_102' title='bbox 1111 572 1306 611; x_wconf 84' lang='lat' dir='ltr'>specialiter.</span> 
     </span>
    </p>
   </div>
   <div class='ocr_carea' id='block_1_9' title="bbox 931 646 1380 687">
    <p class='ocr_par' dir='ltr' id='par_1_12' title="bbox 883 646 1380 687">
     <span class='ocr_line' id='line_1_33' title="bbox 931 646 1380 687; baseline -0.008 -6.386"><span class='ocrx_word' id='word_1_103' title='bbox 931 648 1012 687; x_wconf 80' lang='lat' dir='ltr'>Quia</span> <span class='ocrx_word' id='word_1_104' title='bbox 1038 648 1159 679; x_wconf 83' lang='lat' dir='ltr'>chorda</span> <span class='ocrx_word' id='word_1_105' title='bbox 1184 652 1274 679; x_wconf 85' lang='lat' dir='ltr'>tensa</span> <span class='ocrx_word' id='word_1_106' title='bbox 1301 646 1380 677; x_wconf 83' lang='lat' dir='ltr'>bene</span> 
     </span>
    </p>
   </div>
   <div class='ocr_carea' id='block_1_10' title="bbox 932 695 1463 927">
    <p class='ocr_par' dir='ltr' id='par_1_13' title="bbox 932 695 1462 782">
     <span class='ocr_line' id='line_1_34' title="bbox 932 695 1462 734; baseline -0.002 -7"><span class='ocrx_word' id='word_1_107' title='bbox 932 696 1063 727; x_wconf 86' lang='lat' dir='ltr'>Dulcem</span> <span class='ocrx_word' id='word_1_108' title='bbox 1090 704 1200 726; x_wconf 90' lang='lat' dir='ltr'>sonum</span> <span class='ocrx_word' id='word_1_109' title='bbox 1227 695 1333 726; x_wconf 86' lang='lat' dir='ltr'>reddit</span> <span class='ocrx_word' id='word_1_110' title='bbox 1360 695 1462 734; x_wconf 84' lang='lat' dir='ltr'>plene,</span> 
     </span>
     <span class='ocr_line' id='line_1_35' title="bbox 979 743 1408 782; baseline -0.002 -8"><span class='ocrx_word' id='word_1_111' title='bbox 979 743 1034 775; x_wconf 85' lang='lat' dir='ltr'>Sic</span> <span class='ocrx_word' id='word_1_112' title='bbox 1057 747 1092 775; x_wconf 86' lang='lat' dir='ltr'>tu</span> <span class='ocrx_word' id='word_1_113' title='bbox 1117 752 1230 782; x_wconf 82' lang='lat' dir='ltr'>passus</span> <span class='ocrx_word' id='word_1_114' title='bbox 1256 743 1408 782; x_wconf 70' lang='lat' dir='ltr'>gravius3</span> 
     </span>
    </p>

    <p class='ocr_par' dir='ltr' id='par_1_14' title="bbox 933 791 1403 830">
     <span class='ocr_line' id='line_1_36' title="bbox 933 791 1403 830; baseline -0.002 -8"><span class='ocrx_word' id='word_1_115' title='bbox 933 791 1051 823; x_wconf 87' lang='lat' dir='ltr'>Stricte</span> <span class='ocrx_word' id='word_1_116' title='bbox 1078 799 1192 830; x_wconf 86' lang='lat' dir='ltr'>corpus</span> <span class='ocrx_word' id='word_1_117' title='bbox 1217 795 1307 822; x_wconf 86' lang='lat' dir='ltr'>tensa</span> <span class='ocrx_word' id='word_1_118' title='bbox 1333 791 1403 821; x_wconf 86' lang='lat' dir='ltr'>lene</span> 
     </span>
    </p>

    <p class='ocr_par' dir='ltr' id='par_1_15' title="bbox 935 839 1463 927">
     <span class='ocr_line' id='line_1_37' title="bbox 935 839 1463 876; baseline -0.002 -6"><span class='ocrx_word' id='word_1_119' title='bbox 935 839 1048 876; x_wconf 76' lang='lat' dir='ltr'>Pelles,</span> <span class='ocrx_word' id='word_1_120' title='bbox 1077 839 1165 869; x_wconf 73' lang='lat' dir='ltr'>nervi</span> <span class='ocrx_word' id='word_1_121' title='bbox 1191 844 1262 870; x_wconf 88' lang='lat' dir='ltr'>sunt</span> <span class='ocrx_word' id='word_1_122' title='bbox 1291 842 1321 869; x_wconf 85' lang='lat' dir='ltr'>et</span> <span class='ocrx_word' id='word_1_123' title='bbox 1348 847 1463 874; x_wconf 80' lang='lat' dir='ltr'>venae,</span> 
     </span>
     <span class='ocr_line' id='line_1_38' title="bbox 981 887 1351 927; baseline -0.003 -8"><span class='ocrx_word' id='word_1_124' title='bbox 981 887 1067 927; x_wconf 84' lang='lat' dir='ltr'>Ergo</span> <span class='ocrx_word' id='word_1_125' title='bbox 1093 896 1187 917; x_wconf 86' lang='lat' dir='ltr'>sonas</span> <span class='ocrx_word' id='word_1_126' title='bbox 1213 887 1351 918; x_wconf 78' lang='lat' dir='ltr'>suavius.</span> 
     </span>
    </p>
   </div>
   <div class='ocr_carea' id='block_1_11' title="bbox 899 963 1414 998">
    <p class='ocr_par' dir='ltr' id='par_1_16' title="bbox 899 963 1414 998">
     <span class='ocr_line' id='line_1_39' title="bbox 899 963 1414 998; baseline -0.004 -3"><span class='ocrx_word' id='word_1_127' title='bbox 899 988 906 995; x_wconf 94' lang='lat'><strong>.</strong></span> <span class='ocrx_word' id='word_1_128' title='bbox 934 963 1046 994; x_wconf 90' lang='lat' dir='ltr'>Multis</span> <span class='ocrx_word' id='word_1_129' title='bbox 1073 963 1164 993; x_wconf 87' lang='lat' dir='ltr'>malis</span> <span class='ocrx_word' id='word_1_130' title='bbox 1190 973 1258 994; x_wconf 90' lang='lat' dir='ltr'>sum</span> <span class='ocrx_word' id='word_1_131' title='bbox 1285 963 1414 998; x_wconf 70' lang='lat' dir='ltr'>innisus,</span> 
     </span>
    </p>
   </div>
   <div class='ocr_carea' id='block_1_12' title="bbox 933 1009 1425 1241">
    <p class='ocr_par' dir='ltr' id='par_1_17' title="bbox 933 1009 1425 1194">
     <span class='ocr_line' id='line_1_40' title="bbox 934 1009 1377 1044; baseline -0.002 0"><span class='ocrx_word' id='word_1_132' title='bbox 934 1011 998 1044; x_wconf 88' lang='lat' dir='ltr'>Sed</span> <span class='ocrx_word' id='word_1_133' title='bbox 1024 1020 1080 1042; x_wconf 91' lang='lat' dir='ltr'>oro</span> <span class='ocrx_word' id='word_1_134' title='bbox 1108 1011 1147 1042; x_wconf 86' lang='lat' dir='ltr'>de</span> <span class='ocrx_word' id='word_1_135' title='bbox 1174 1015 1204 1042; x_wconf 87' lang='lat' dir='ltr'>te</span> <span class='ocrx_word' id='word_1_136' title='bbox 1231 1009 1377 1043; x_wconf 74' lang='lat' dir='ltr'>confisus,</span> 
     </span>
     <span class='ocr_line' id='line_1_41' title="bbox 981 1058 1347 1091; baseline -0.008 0"><span class='ocrx_word' id='word_1_137' title='bbox 981 1059 1024 1091; x_wconf 89' lang='lat' dir='ltr'>Ut</span> <span class='ocrx_word' id='word_1_138' title='bbox 1049 1059 1090 1090; x_wconf 87' lang='lat' dir='ltr'>ab</span> <span class='ocrx_word' id='word_1_139' title='bbox 1116 1058 1165 1089; x_wconf 89' lang='lat' dir='ltr'>his</span> <span class='ocrx_word' id='word_1_140' title='bbox 1192 1059 1347 1090; x_wconf 86' lang='lat' dir='ltr'>excorier.</span> 
     </span>
     <span class='ocr_line' id='line_1_42' title="bbox 933 1106 1425 1145; baseline -0.004 -7"><span class='ocrx_word' id='word_1_141' title='bbox 933 1106 1186 1145; x_wconf 86' lang='lat' dir='ltr'>Circumquaque</span> <span class='ocrx_word' id='word_1_142' title='bbox 1213 1106 1425 1145; x_wconf 79' lang='lat' dir='ltr'>circumcisus⁷</span> 
     </span>
     <span class='ocr_line' id='line_1_43' title="bbox 933 1154 1376 1194; baseline -0.002 -9"><span class='ocrx_word' id='word_1_143' title='bbox 933 1154 1002 1185; x_wconf 86' lang='lat' dir='ltr'>Hoc</span> <span class='ocrx_word' id='word_1_144' title='bbox 1028 1155 1069 1185; x_wconf 87' lang='lat' dir='ltr'>sit</span> <span class='ocrx_word' id='word_1_145' title='bbox 1095 1154 1171 1184; x_wconf 88' lang='lat' dir='ltr'>mihi</span> <span class='ocrx_word' id='word_1_146' title='bbox 1198 1154 1376 1194; x_wconf 76' lang='lat' dir='ltr'>paradisus,</span> 
     </span>
    </p>

    <p class='ocr_par' dir='ltr' id='par_1_18' title="bbox 984 1201 1376 1241">
     <span class='ocr_line' id='line_1_44' title="bbox 984 1201 1376 1241; baseline 0 -7"><span class='ocrx_word' id='word_1_147' title='bbox 984 1202 1025 1235; x_wconf 87' lang='lat' dir='ltr'>Ut</span> <span class='ocrx_word' id='word_1_148' title='bbox 1051 1201 1096 1233; x_wconf 87' lang='lat' dir='ltr'>sic</span> <span class='ocrx_word' id='word_1_149' title='bbox 1122 1211 1221 1233; x_wconf 85' lang='lat' dir='ltr'>novus</span> <span class='ocrx_word' id='word_1_150' title='bbox 1248 1202 1376 1241; x_wconf 70' lang='lat' dir='ltr'>glorier.</span> 
     </span>
    </p>
   </div>
   <div class='ocr_carea' id='block_1_13' title="bbox 898 1280 1309 1319">
    <p class='ocr_par' dir='ltr' id='par_1_19' title="bbox 898 1280 1309 1319">
     <span class='ocr_line' id='line_1_45' title="bbox 898 1280 1309 1319; baseline -0.007 -7"><span class='ocrx_word' id='word_1_151' title='bbox 898 1306 904 1312; x_wconf 90' lang='lat'>.</span> <span class='ocrx_word' id='word_1_152' title='bbox 933 1280 958 1311; x_wconf 96' lang='grc' dir='ltr'>Ο</span> <span class='ocrx_word' id='word_1_153' title='bbox 985 1280 1027 1310; x_wconf 88' lang='lat' dir='ltr'>mi</span> <span class='ocrx_word' id='word_1_154' title='bbox 1052 1283 1144 1319; x_wconf 84' lang='lat' dir='ltr'>pater</span> <span class='ocrx_word' id='word_1_155' title='bbox 1169 1280 1309 1318; x_wconf 74' lang='lat' dir='ltr'>pietatis,</span> 
     </span>
    </p>
   </div>
   <div class='ocr_carea' id='block_1_14' title="bbox 932 1327 1371 1551">
    <p class='ocr_par' dir='ltr' id='par_1_20' title="bbox 932 1327 1371 1551">
     <span class='ocr_line' id='line_1_46' title="bbox 933 1327 1298 1359; baseline -0.005 0"><span class='ocrx_word' id='word_1_156' title='bbox 933 1328 1072 1359; x_wconf 87' lang='lat' dir='ltr'>Adiutor</span> <span class='ocrx_word' id='word_1_157' title='bbox 1098 1327 1298 1359; x_wconf 83' lang='lat' dir='ltr'>necessitatis</span> 
     </span>
     <span class='ocr_line' id='line_1_47' title="bbox 981 1375 1312 1415; baseline -0.009 -8"><span class='ocrx_word' id='word_1_158' title='bbox 981 1376 1073 1407; x_wconf 89' lang='lat' dir='ltr'>Omni</span> <span class='ocrx_word' id='word_1_159' title='bbox 1100 1375 1131 1405; x_wconf 90' lang='lat' dir='ltr'>in</span> <span class='ocrx_word' id='word_1_160' title='bbox 1159 1375 1312 1415; x_wconf 87' lang='lat' dir='ltr'>periculo,</span> 
     </span>
     <span class='ocr_line' id='line_1_48' title="bbox 932 1422 1355 1462; baseline -0.002 -8"><span class='ocrx_word' id='word_1_161' title='bbox 932 1423 1050 1454; x_wconf 90' lang='lat' dir='ltr'>Hostes</span> <span class='ocrx_word' id='word_1_162' title='bbox 1077 1422 1161 1461; x_wconf 87' lang='lat' dir='ltr'>pelle</span> <span class='ocrx_word' id='word_1_163' title='bbox 1187 1422 1355 1462; x_wconf 80' lang='lat' dir='ltr'>pravitatis</span> 
     </span>
     <span class='ocr_line' id='line_1_49' title="bbox 934 1470 1371 1504; baseline -0.007 0"><span class='ocrx_word' id='word_1_164' title='bbox 934 1472 975 1504; x_wconf 87' lang='lat' dir='ltr'>Et</span> <span class='ocrx_word' id='word_1_165' title='bbox 1002 1480 1051 1502; x_wconf 91' lang='lat' dir='ltr'>me</span> <span class='ocrx_word' id='word_1_166' title='bbox 1077 1470 1146 1502; x_wconf 84' lang='lat' dir='ltr'>loca</span> <span class='ocrx_word' id='word_1_167' title='bbox 1173 1480 1243 1503; x_wconf 89' lang='lat' dir='ltr'>cum</span> <span class='ocrx_word' id='word_1_168' title='bbox 1272 1470 1371 1501; x_wconf 81' lang='lat' dir='ltr'>beatis</span> 
     </span>
     <span class='ocr_line' id='line_1_50' title="bbox 983 1519 1330 1551; baseline -0.003 0"><span class='ocrx_word' id='word_1_169' title='bbox 983 1520 1020 1551; x_wconf 90' lang='lat' dir='ltr'>ln</span> <span class='ocrx_word' id='word_1_170' title='bbox 1047 1519 1158 1550; x_wconf 79' lang='lat' dir='ltr'>mortis</span> <span class='ocrx_word' id='word_1_171' title='bbox 1184 1519 1330 1550; x_wconf 80' lang='lat' dir='ltr'>articulO.</span> 
     </span>
    </p>
   </div>
   <div class='ocr_carea' id='block_1_15' title="bbox 249 1593 1229 1629">
    <p class='ocr_par' dir='ltr' id='par_1_21' title="bbox 249 1593 1229 1629">
     <span class='ocr_line' id='line_1_51' title="bbox 249 1593 1229 1629; baseline -0.001 -7"><span class='ocrx_word' id='word_1_172' title='bbox 249 1596 329 1623; x_wconf 84' lang='lat' dir='ltr'>Orat.</span> <span class='ocrx_word' id='word_1_173' title='bbox 352 1604 405 1622; x_wconf 81' lang='lat' dir='ltr'>ms.</span> <span class='ocrx_word' id='word_1_174' title='bbox 427 1596 590 1629; x_wconf 85' lang='lat' dir='ltr'>Campense</span> <span class='ocrx_word' id='word_1_175' title='bbox 613 1598 683 1623; x_wconf 87' lang='lat' dir='ltr'>anni</span> <span class='ocrx_word' id='word_1_176' title='bbox 708 1594 788 1623; x_wconf 86' lang='lat'>1462.</span> <span class='ocrx_word' id='word_1_177' title='bbox 830 1594 900 1624; x_wconf 88' lang='lat' dir='ltr'>Cod.</span> <span class='ocrx_word' id='word_1_178' title='bbox 923 1594 1141 1622; x_wconf 82' lang='lat' dir='ltr'>Darmstadien.</span> <span class='ocrx_word' id='word_1_179' title='bbox 1165 1593 1229 1621; x_wconf 80' lang='lat'>521.</span> 
     </span>
    </p>
   </div>
   <div class='ocr_carea' id='block_1_16' title="bbox 614 1726 1062 1767">
    <p class='ocr_par' dir='ltr' id='par_1_22' title="bbox 614 1726 1062 1767">
     <span class='ocr_line' id='line_1_52' title="bbox 614 1726 1062 1767; baseline -0.002 -9"><span class='ocrx_word' id='word_1_180' title='bbox 614 1728 673 1758; x_wconf 85' lang='grc'><strong>199.</strong></span> <span class='ocrx_word' id='word_1_181' title='bbox 715 1727 758 1758; x_wconf 80' lang='lat' dir='ltr'>De</span> <span class='ocrx_word' id='word_1_182' title='bbox 779 1729 891 1759; x_wconf 76' lang='lat' dir='ltr'>saneta</span> <span class='ocrx_word' id='word_1_183' title='bbox 912 1726 1062 1767; x_wconf 83' lang='lat' dir='ltr'>Birgitta.</span> 
     </span>
    </p>
   </div>
   <div class='ocr_carea' id='block_1_17' title="bbox 185 1818 739 2002">
    <p class='ocr_par' dir='ltr' id='par_1_23' title="bbox 185 1818 739 2002">
     <span class='ocr_line' id='line_1_53' title="bbox 185 1818 615 1853; baseline -0.009 0"><span class='ocrx_word' id='word_1_184' title='bbox 185 1821 215 1853; x_wconf 90' lang='lat'>1.</span> <span class='ocrx_word' id='word_1_185' title='bbox 244 1820 417 1851; x_wconf 87' lang='lat' dir='ltr'>Beatarum</span> <span class='ocrx_word' id='word_1_186' title='bbox 446 1818 615 1850; x_wconf 89' lang='lat' dir='ltr'>mulierum</span> 
     </span>
     <span class='ocr_line' id='line_1_54' title="bbox 289 1866 666 1909; baseline 0 -10"><span class='ocrx_word' id='word_1_187' title='bbox 289 1867 429 1907; x_wconf 87' lang='lat' dir='ltr'>Birgitta</span> <span class='ocrx_word' id='word_1_188' title='bbox 452 1866 666 1909; x_wconf 83' lang='lat' dir='ltr'>sanctissima,</span> 
     </span>
     <span class='ocr_line' id='line_1_55' title="bbox 244 1914 739 1948; baseline -0.004 0"><span class='ocrx_word' id='word_1_189' title='bbox 244 1915 327 1948; x_wconf 86' lang='lat' dir='ltr'>Nam</span> <span class='ocrx_word' id='word_1_190' title='bbox 354 1915 472 1947; x_wconf 88' lang='lat' dir='ltr'>novisti</span> <span class='ocrx_word' id='word_1_191' title='bbox 498 1914 600 1947; x_wconf 90' lang='lat' dir='ltr'>Deum</span> <span class='ocrx_word' id='word_1_192' title='bbox 630 1923 739 1947; x_wconf 90' lang='lat' dir='ltr'>verum</span> 
     </span>
     <span class='ocr_line' id='line_1_56' title="bbox 290 1963 615 2002; baseline -0.003 -7"><span class='ocrx_word' id='word_1_193' title='bbox 290 1963 372 1996; x_wconf 90' lang='lat' dir='ltr'>Fide</span> <span class='ocrx_word' id='word_1_194' title='bbox 398 1963 615 2002; x_wconf 82' lang='lat' dir='ltr'>ornatissima,</span> 
     </span>
    </p>
   </div>
   <div class='ocr_carea' id='block_1_18' title="bbox 183 2044 216 2076">
    <p class='ocr_par' dir='ltr' id='par_1_24' title="bbox 183 2044 216 2076">
     <span class='ocr_line' id='line_1_57' title="bbox 183 2044 216 2076; textangle 90"><span class='ocrx_word' id='word_1_195' title='bbox 183 2044 216 2076; x_wconf 47' lang='lat'>‘10</span> 
     </span>
    </p>
   </div>
   <div class='ocr_carea' id='block_1_19' title="bbox 243 2039 675 2220">
    <p class='ocr_par' dir='ltr' id='par_1_25' title="bbox 243 2039 673 2128">
     <span class='ocr_line' id='line_1_58' title="bbox 243 2039 673 2074; baseline -0.005 0"><span class='ocrx_word' id='word_1_196' title='bbox 243 2042 297 2074; x_wconf 89' lang='lat' dir='ltr'>Ad</span> <span class='ocrx_word' id='word_1_197' title='bbox 324 2040 440 2072; x_wconf 88' lang='lat' dir='ltr'>bonum</span> <span class='ocrx_word' id='word_1_198' title='bbox 466 2050 485 2072; x_wconf 85' lang='lat' dir='ltr'>a</span> <span class='ocrx_word' id='word_1_199' title='bbox 508 2039 673 2072; x_wconf 86' lang='lat' dir='ltr'>iuventute</span> 
     </span>
     <span class='ocr_line' id='line_1_59' title="bbox 295 2088 624 2128; baseline -0.003 -7"><span class='ocrx_word' id='word_1_200' title='bbox 295 2089 343 2122; x_wconf 86' lang='lat' dir='ltr'>Te</span> <span class='ocrx_word' id='word_1_201' title='bbox 368 2088 480 2120; x_wconf 85' lang='lat' dir='ltr'>allexit</span> <span class='ocrx_word' id='word_1_202' title='bbox 506 2088 624 2128; x_wconf 64' lang='lat' dir='ltr'>gratia„</span> 
     </span>
    </p>

    <p class='ocr_par' dir='ltr' id='par_1_26' title="bbox 244 2136 675 2220">
     <span class='ocr_line' id='line_1_60' title="bbox 244 2136 608 2170; baseline -0.005 0"><span class='ocrx_word' id='word_1_203' title='bbox 244 2139 282 2170; x_wconf 89' lang='lat' dir='ltr'>In</span> <span class='ocrx_word' id='word_1_204' title='bbox 308 2137 378 2170; x_wconf 83' lang='lat' dir='ltr'>Deo</span> <span class='ocrx_word' id='word_1_205' title='bbox 403 2136 515 2169; x_wconf 88' lang='lat' dir='ltr'>vixisti</span> <span class='ocrx_word' id='word_1_206' title='bbox 540 2141 608 2168; x_wconf 87' lang='lat' dir='ltr'>tute</span> 
     </span>
     <span class='ocr_line' id='line_1_61' title="bbox 292 2184 675 2220; baseline -0.005 -1"><span class='ocrx_word' id='word_1_207' title='bbox 292 2188 422 2220; x_wconf 84' lang='lat' dir='ltr'>Summa</span> <span class='ocrx_word' id='word_1_208' title='bbox 448 2194 518 2218; x_wconf 89' lang='lat' dir='ltr'>cum</span> <span class='ocrx_word' id='word_1_209' title='bbox 545 2184 675 2218; x_wconf 88' lang='lat' dir='ltr'>fiducia.</span> 
     </span>
    </p>
   </div>
   <div class='ocr_carea' id='block_1_20' title="bbox 183 2263 757 2449">
    <p class='ocr_par' dir='ltr' id='par_1_27' title="bbox 183 2263 757 2449">
     <span class='ocr_line' id='line_1_62' title="bbox 183 2263 663 2304; baseline -0.004 -8"><span class='ocrx_word' id='word_1_210' title='bbox 183 2265 216 2299; x_wconf 84' lang='lat'>3.</span> <span class='ocrx_word' id='word_1_211' title='bbox 244 2263 361 2296; x_wconf 81' lang='lat' dir='ltr'>Inclita</span> <span class='ocrx_word' id='word_1_212' title='bbox 384 2266 419 2294; x_wconf 89' lang='lat' dir='ltr'>tu</span> <span class='ocrx_word' id='word_1_213' title='bbox 445 2272 561 2304; x_wconf 87' lang='lat' dir='ltr'>sponsa</span> <span class='ocrx_word' id='word_1_214' title='bbox 591 2263 663 2304; x_wconf 84' lang='lat' dir='ltr'>Dei,</span> 
     </span>
     <span class='ocr_line' id='line_1_63' title="bbox 290 2311 604 2352; baseline -0.006 -8"><span class='ocrx_word' id='word_1_215' title='bbox 290 2311 384 2345; x_wconf 86' lang='lat' dir='ltr'>Oliva</span> <span class='ocrx_word' id='word_1_216' title='bbox 408 2314 443 2343; x_wconf 90' lang='lat' dir='ltr'>tu</span> <span class='ocrx_word' id='word_1_217' title='bbox 469 2311 604 2352; x_wconf 82' lang='lat' dir='ltr'>gratiae,</span> 
     </span>
     <span class='ocr_line' id='line_1_64' title="bbox 241 2358 757 2402; baseline -0.008 -8"><span class='ocrx_word' id='word_1_218' title='bbox 241 2360 489 2402; x_wconf 86' lang='lat' dir='ltr'>Augmentatrix</span> <span class='ocrx_word' id='word_1_219' title='bbox 516 2362 649 2391; x_wconf 81' lang='lat' dir='ltr'>sanctae</span> <span class='ocrx_word' id='word_1_220' title='bbox 674 2358 757 2401; x_wconf 82' lang='lat' dir='ltr'>spei,</span> 
     </span>
     <span class='ocr_line' id='line_1_65' title="bbox 293 2407 658 2449; baseline -0.003 -7"><span class='ocrx_word' id='word_1_221' title='bbox 293 2410 318 2442; x_wconf 96' lang='grc' dir='ltr'>Ο</span> <span class='ocrx_word' id='word_1_222' title='bbox 341 2408 466 2449; x_wconf 85' lang='lat' dir='ltr'>lampas</span> <span class='ocrx_word' id='word_1_223' title='bbox 492 2407 658 2441; x_wconf 85' lang='lat' dir='ltr'>ecclesiae.</span> 
     </span>
    </p>
   </div>
   <div class='ocr_carea' id='block_1_21' title="bbox 878 1817 1493 1858">
    <p class='ocr_par' dir='ltr' id='par_1_28' title="bbox 878 1817 1493 1858">
     <span class='ocr_line' id='line_1_66' title="bbox 878 1817 1493 1858; baseline 0 -8"><span class='ocrx_word' id='word_1_224' title='bbox 878 1820 910 1851; x_wconf 83' lang='lat'>4.</span> <span class='ocrx_word' id='word_1_225' title='bbox 938 1817 1058 1850; x_wconf 85' lang='lat' dir='ltr'>Christi</span> <span class='ocrx_word' id='word_1_226' title='bbox 1084 1822 1210 1850; x_wconf 85' lang='lat' dir='ltr'>scatens</span> <span class='ocrx_word' id='word_1_227' title='bbox 1238 1818 1308 1850; x_wconf 90' lang='lat' dir='ltr'>fons</span> <span class='ocrx_word' id='word_1_228' title='bbox 1337 1822 1365 1848; x_wconf 81' lang='lat' dir='ltr'>et</span> <span class='ocrx_word' id='word_1_229' title='bbox 1394 1819 1493 1858; x_wconf 66' lang='grc' dir='ltr'>πίνης,</span> 
     </span>
    </p>
   </div>
   <div class='ocr_carea' id='block_1_22' title="bbox 938 1865 1394 1995">
    <p class='ocr_par' dir='ltr' id='par_1_29' title="bbox 938 1865 1394 1995">
     <span class='ocr_line' id='line_1_67' title="bbox 984 1865 1357 1900; baseline -0.003 -2"><span class='ocrx_word' id='word_1_230' title='bbox 984 1866 1094 1898; x_wconf 82' lang='lat' dir='ltr'>Canna</span> <span class='ocrx_word' id='word_1_231' title='bbox 1121 1865 1357 1900; x_wconf 83' lang='lat' dir='ltr'>fecundissima.</span> 
     </span>
     <span class='ocr_line' id='line_1_68' title="bbox 938 1913 1394 1952; baseline -0.004 -5"><span class='ocrx_word' id='word_1_232' title='bbox 938 1914 1033 1947; x_wconf 90' lang='lat' dir='ltr'>Unde</span> <span class='ocrx_word' id='word_1_233' title='bbox 1060 1913 1152 1945; x_wconf 82' lang='lat' dir='ltr'>fluxit</span> <span class='ocrx_word' id='word_1_234' title='bbox 1179 1914 1268 1946; x_wconf 85' lang='lat' dir='ltr'>cibus</span> <span class='ocrx_word' id='word_1_235' title='bbox 1293 1915 1394 1952; x_wconf 78' lang='lat' dir='ltr'>vivus,</span> 
     </span>
     <span class='ocr_line' id='line_1_69' title="bbox 986 1963 1364 1995; baseline 0.003 -1"><span class='ocrx_word' id='word_1_236' title='bbox 986 1963 1141 1994; x_wconf 87' lang='lat' dir='ltr'>Doctrina</span> <span class='ocrx_word' id='word_1_237' title='bbox 1168 1963 1364 1995; x_wconf 84' lang='lat' dir='ltr'>doctissima.</span> 
     </span>
    </p>
   </div>
   <div class='ocr_carea' id='block_1_23' title="bbox 879 2040 1384 2080">
    <p class='ocr_par' dir='ltr' id='par_1_30' title="bbox 879 2040 1384 2080">
     <span class='ocr_line' id='line_1_70' title="bbox 879 2040 1384 2080; baseline 0.002 -10"><span class='ocrx_word' id='word_1_238' title='bbox 879 2043 909 2074; x_wconf 91' lang='lat'>5.</span> <span class='ocrx_word' id='word_1_239' title='bbox 937 2040 1006 2072; x_wconf 83' lang='lat' dir='ltr'>Rex</span> <span class='ocrx_word' id='word_1_240' title='bbox 1032 2045 1063 2071; x_wconf 89' lang='lat' dir='ltr'>te</span> <span class='ocrx_word' id='word_1_241' title='bbox 1090 2040 1171 2071; x_wconf 87' lang='lat' dir='ltr'>caeli</span> <span class='ocrx_word' id='word_1_242' title='bbox 1197 2040 1384 2080; x_wconf 72' lang='lat' dir='ltr'>praeelegit,</span> 
     </span>
    </p>
   </div>
   <div class='ocr_carea' id='block_1_24' title="bbox 938 2089 1462 2224">
    <p class='ocr_par' dir='ltr' id='par_1_31' title="bbox 938 2089 1462 2224">
     <span class='ocr_line' id='line_1_71' title="bbox 987 2089 1362 2128; baseline 0.003 -9"><span class='ocrx_word' id='word_1_243' title='bbox 987 2089 1161 2120; x_wconf 83' lang='lat' dir='ltr'>viduarum</span> <span class='ocrx_word' id='word_1_244' title='bbox 1189 2089 1362 2128; x_wconf 81' lang='lat' dir='ltr'>speculum,</span> 
     </span>
     <span class='ocr_line' id='line_1_72' title="bbox 938 2137 1373 2178; baseline -0.005 -8"><span class='ocrx_word' id='word_1_245' title='bbox 938 2137 1005 2170; x_wconf 89' lang='lat' dir='ltr'>Sibi</span> <span class='ocrx_word' id='word_1_246' title='bbox 1032 2141 1131 2168; x_wconf 90' lang='lat' dir='ltr'>totam</span> <span class='ocrx_word' id='word_1_247' title='bbox 1158 2141 1189 2168; x_wconf 84' lang='lat' dir='ltr'>te</span> <span class='ocrx_word' id='word_1_248' title='bbox 1215 2138 1373 2178; x_wconf 85' lang='lat' dir='ltr'>compegit</span> 
     </span>
     <span class='ocr_line' id='line_1_73' title="bbox 987 2185 1462 2224; baseline 0.008 -8"><span class='ocrx_word' id='word_1_249' title='bbox 987 2185 1079 2217; x_wconf 76' lang='lat' dir='ltr'>Nunc</span> <span class='ocrx_word' id='word_1_250' title='bbox 1105 2194 1204 2224; x_wconf 86' lang='lat' dir='ltr'>usque</span> <span class='ocrx_word' id='word_1_251' title='bbox 1230 2187 1262 2218; x_wconf 93' lang='lat' dir='ltr'>in</span> <span class='ocrx_word' id='word_1_252' title='bbox 1289 2186 1462 2220; x_wconf 86' lang='lat' dir='ltr'>saeculum.</span> 
     </span>
    </p>
   </div>
   <div class='ocr_carea' id='block_1_25' title="bbox 878 2262 1423 2302">
    <p class='ocr_par' dir='ltr' id='par_1_32' title="bbox 878 2262 1423 2302">
     <span class='ocr_line' id='line_1_74' title="bbox 878 2262 1423 2302; baseline -0.002 -6"><span class='ocrx_word' id='word_1_253' title='bbox 878 2264 909 2296; x_wconf 86' lang='lat'>6.</span> <span class='ocrx_word' id='word_1_254' title='bbox 937 2262 962 2294; x_wconf 95' lang='grc' dir='ltr'><strong>Ο</strong></span> <span class='ocrx_word' id='word_1_255' title='bbox 989 2272 1081 2302; x_wconf 85' lang='lat' dir='ltr'>quam</span> <span class='ocrx_word' id='word_1_256' title='bbox 1108 2263 1216 2295; x_wconf 87' lang='lat' dir='ltr'>multis</span> <span class='ocrx_word' id='word_1_257' title='bbox 1242 2267 1272 2295; x_wconf 85' lang='lat' dir='ltr'>te</span> <span class='ocrx_word' id='word_1_258' title='bbox 1300 2263 1423 2295; x_wconf 76' lang='lat' dir='ltr'>dotavit</span> 
     </span>
    </p>
   </div>
   <div class='ocr_carea' id='block_1_26' title="bbox 938 2310 1396 2442">
    <p class='ocr_par' dir='ltr' id='par_1_33' title="bbox 938 2310 1396 2442">
     <span class='ocr_line' id='line_1_75' title="bbox 986 2310 1396 2353; baseline 0.002 -11"><span class='ocrx_word' id='word_1_259' title='bbox 986 2311 1098 2348; x_wconf 77' lang='lat' dir='ltr'>Bonis,</span> <span class='ocrx_word' id='word_1_260' title='bbox 1126 2310 1235 2353; x_wconf 88' lang='lat' dir='ltr'>signis,</span> <span class='ocrx_word' id='word_1_261' title='bbox 1263 2312 1396 2352; x_wconf 87' lang='lat' dir='ltr'>meritis,</span> 
     </span>
     <span class='ocr_line' id='line_1_76' title="bbox 938 2359 1390 2392; baseline 0.004 -2"><span class='ocrx_word' id='word_1_262' title='bbox 938 2359 1004 2390; x_wconf 86' lang='lat' dir='ltr'>Iam</span> <span class='ocrx_word' id='word_1_263' title='bbox 1032 2360 1064 2391; x_wconf 92' lang='lat' dir='ltr'>in</span> <span class='ocrx_word' id='word_1_264' title='bbox 1091 2359 1187 2391; x_wconf 86' lang='lat' dir='ltr'>caelis</span> <span class='ocrx_word' id='word_1_265' title='bbox 1214 2364 1245 2392; x_wconf 91' lang='lat' dir='ltr'>te</span> <span class='ocrx_word' id='word_1_266' title='bbox 1272 2360 1390 2392; x_wconf 87' lang='lat' dir='ltr'>locavit</span> 
     </span>
     <span class='ocr_line' id='line_1_77' title="bbox 986 2408 1394 2442; baseline 0.002 -2"><span class='ocrx_word' id='word_1_267' title='bbox 986 2408 1142 2440; x_wconf 85' lang='lat' dir='ltr'>Praemiis</span> <span class='ocrx_word' id='word_1_268' title='bbox 1168 2417 1237 2440; x_wconf 89' lang='lat' dir='ltr'>cum</span> <span class='ocrx_word' id='word_1_269' title='bbox 1265 2408 1394 2442; x_wconf 86' lang='lat' dir='ltr'>inclitis.</span> 
     </span>
    </p>
   </div>
  </div>
 </body>
</html>
