1651 2680
273 182 332 215 9a.
360 179 498 212 Framea
959 178 1021 216 9b.
1047 180 1151 213 An‘da

360 227 525 260 Flammea
1046 227 1133 260 Area

407 275 478 307 Hac
504 273 705 315 refrigen'um
1095 276 1166 308 Hac
1191 275 1391 308 stillicidium

468 322 570 364 Facit,
1157 323 1261 363 Capit.

248 420 291 453 10
302 428 331 452 a.
359 418 435 451 Ovis
462 427 594 450 erronea
935 419 979 451 10
991 418 1022 453 b.
1049 419 1190 460 Dragma
1215 423 1368 459 argentea

410 466 479 497 Hac
505 467 612 498 caulas
637 465 760 506 parium
1095 467 1156 499 Per
1181 467 1263 498 hanc
1288 465 1484 506 marsupium

469 515 595 557 Implet,
1155 513 1274 548 Habet.

643 600 695 631 11.
723 599 807 630 Laus
832 599 893 631 sibi
917 608 1043 640 paxque
1068 600 1146 633 suis.

318 686 388 713 Cod.
404 686 570 712 Berolinen.
584 684 714 719 Philipp.
731 682 813 711 1996.
829 684 894 711 add.
912 692 986 711 saec.
1005 682 1047 711 12.
1063 699 1099 702 —
1113 683 1131 711 4
1142 693 1167 717 a,
1182 683 1195 711 1
1208 683 1247 710 Et
1262 685 1292 710 in
1307 685 1503 719 praeconium.
1520 698 1555 703 —

241 725 302 752 Der
322 726 408 752 Form
430 724 503 750 nach
526 733 560 750 zu
583 722 747 754 schliessen‚
769 723 919 750 vielleicht
939 721 1013 749 auch
1035 723 1149 749 cantio.

589 854 637 885 46.
679 853 791 884 Cursus
813 853 850 884 dc
870 851 1044 885 Nativitate
1066 852 1198 884 Domini.

793 943 848 969 Die
871 941 1003 969 Sabbati.

714 1039 774 1070 Ad
810 1039 1076 1071 Matutinum.

258 1117 288 1149 1.
316 1117 447 1148 Tactum
476 1115 608 1154 pudoris
634 1115 778 1146 nesciens
943 1116 974 1146 3.
1002 1115 1086 1146 Hinc
1110 1123 1242 1155 magnus
1269 1114 1301 1146 in
1329 1115 1468 1147 consiliis

313 1164 430 1196 Sancto
457 1164 601 1203 concepit
628 1162 754 1194 flamine
1002 1163 1039 1194 In
1067 1163 1147 1194 caeli
1173 1162 1263 1194 sedet
1290 1163 1379 1201 solio,

313 1212 417 1243 Maria
444 1211 542 1251 virgo,
570 1212 697 1250 pariens
1000 1210 1107 1242 Matre
1132 1211 1252 1253 ligatur
1278 1209 1386 1241 fasciis

313 1260 415 1291 Iesum
445 1259 513 1290 sine
539 1258 732 1298 gravamine.
999 1259 1103 1289 Aselli
1129 1259 1160 1290 in
1187 1259 1384 1299 praesaepia

253 1347 284 1377 2.
312 1344 479 1377 Attendite
506 1345 710 1375 miraculum:
943 1346 973 1375 4.
1002 1345 1064 1376 Pro
1090 1344 1298 1375 Fescenninis
1324 1344 1425 1384 gloria

314 1393 422 1424 Mater
447 1401 533 1422 more
560 1391 707 1431 femineo,
1003 1391 1054 1423 Ab
1081 1393 1202 1432 angelis
1229 1392 1405 1423 concinitur

315 1441 375 1480 Qui
402 1444 515 1470 cuncta
541 1441 654 1479 pascit.
682 1439 849 1478 parvulum
1003 1439 1044 1470 Et
1071 1449 1134 1479 pax
1161 1441 1193 1471 in
1220 1443 1326 1471 terrae
1352 1440 1441 1472 curia

316 1489 414 1520 Lacte
440 1486 527 1518 fovet
555 1488 706 1527 virgineo,
1003 1487 1172 1520 Benevolis
1199 1488 1408 1527 promittitur,

654 1576 682 1605 5.
711 1574 793 1610 Iesu,
821 1573 944 1604 Mariae
971 1571 1048 1612 filio,

712 1620 759 1652 Sit
786 1621 981 1660 sempiterna
1006 1621 1118 1661 gloria,

713 1669 771 1706 Qui
799 1669 928 1709 dempto
954 1668 1014 1700 hoe
1041 1670 1153 1700 exsilio

713 1716 852 1748 Coronet
877 1725 934 1748 nos
962 1716 993 1748 in
1021 1717 1135 1756 patria.

756 1832 816 1863 Ad
851 1831 1031 1866 Laudes

256 1911 288 1942 1.
315 1909 476 1950 Splendor
503 1913 655 1948 paternae
682 1906 816 1947 gloriae,
940 1909 972 1941 3.
999 1908 1045 1939 Te
1071 1909 1185 1950 Deum,
1212 1909 1274 1940 Dei
1298 1908 1411 1948 filium,

313 1959 372 1997 Qui
401 1957 502 1988 clares
528 1961 559 1986 te
586 1955 778 1997 videntibus,
1001 1956 1050 1988 Ex
1076 1957 1183 1989 David
1213 1955 1332 1989 factum
1358 1958 1487 1999 semine,

314 2006 481 2044 Verusque
506 2004 553 2036 sol
579 2003 730 2043 institiae,
1002 2004 1120 2044 Regem
1148 2014 1256 2046 regum
1283 2006 1433 2037 eximium

315 2053 442 2085 Nostris
468 2051 590 2091 refulge
617 2051 785 2084 mentibus.
1002 2051 1183 2084 Secundum
1209 2061 1347 2094 carnem,
1374 2054 1520 2093 Domine,

255 2140 286 2172 2.
314 2140 374 2180 Da,
403 2138 507 2169 carnis
533 2142 567 2169 ut
593 2137 789 2178 mysterium,
943 2139 974 2170 4.
1002 2138 1174 2170 Mortalem
1202 2142 1233 2169 et
1259 2139 1442 2178 pontificem

311 2186 404 2227 Quod
431 2186 533 2225 patuit
557 2184 749 2225 pastoribuS,
1002 2186 1171 2226 Magorum
1197 2185 1306 2218 fantur
1331 2197 1484 2228 munera3

315 2235 369 2266 Ad
396 2242 491 2265 verae
517 2234 601 2265 vitae
628 2233 802 2273 praemium
1003 2233 1118 2274 Caput,
1145 2244 1204 2274 per
1229 2235 1341 2267 mortis
1368 2237 1500 2268 calicem

315 2283 365 2315 Sit
390 2280 590 2321 profuturum
617 2279 773 2314 omnibus
1002 2281 1220 2314 Membrorum
1246 2292 1324 2316 sana
1350 2285 1495 2319 vulnera.

697 2378 728 2409 5.
755 2377 836 2419 Iesu,
863 2376 988 2409 Mariae
1013 2376 1091 2412 filio.
