<?xml version="1.0" encoding="UTF-8"?>
<!DOCTYPE html PUBLIC "-//W3C//DTD XHTML 1.0 Transitional//EN"
    "http://www.w3.org/TR/xhtml1/DTD/xhtml1-transitional.dtd">
<html xmlns="http://www.w3.org/1999/xhtml" xml:lang="en" lang="en">
 <head>
  <title>
</title>
<meta http-equiv="Content-Type" content="text/html;charset=utf-8" />
  <meta name='ocr-system' content='tesseract 3.04.00' />
  <meta name='ocr-capabilities' content='ocr_page ocr_carea ocr_par ocr_line ocrx_word'/>
</head>
<body>
  <div class='ocr_page' id='page_1' title='image "./analectahymnica46drevuoft/analectahymnica46drevuoft_0367.png"; bbox 0 0 1651 2680; ppageno 0'>
   <div class='ocr_carea' id='block_1_1' title="bbox 692 85 953 120">
    <p class='ocr_par' dir='ltr' id='par_1_1' title="bbox 692 85 953 120">
     <span class='ocr_line' id='line_1_1' title="bbox 692 85 953 120; baseline -0.004 0"><span class='ocrx_word' id='word_1_1' title='bbox 692 103 738 108; x_wconf 97' lang='lat'>—</span> <span class='ocrx_word' id='word_1_2' title='bbox 787 85 953 120; x_wconf 86' lang='lat'>364—</span> 
     </span>
    </p>
   </div>
   <div class='ocr_carea' id='block_1_2' title="bbox 178 181 694 213">
    <p class='ocr_par' dir='ltr' id='par_1_2' title="bbox 178 181 694 213">
     <span class='ocr_line' id='line_1_2' title="bbox 178 181 694 213; baseline -0.002 0"><span class='ocrx_word' id='word_1_3' title='bbox 178 183 208 213; x_wconf 89' lang='lat'>5.</span> <span class='ocrx_word' id='word_1_4' title='bbox 236 181 319 213; x_wconf 85' lang='lat' dir='ltr'>Illud</span> <span class='ocrx_word' id='word_1_5' title='bbox 345 181 464 212; x_wconf 86' lang='lat' dir='ltr'>iussum</span> <span class='ocrx_word' id='word_1_6' title='bbox 491 184 694 212; x_wconf 82' lang='lat' dir='ltr'>recusantes:</span> 
     </span>
    </p>
   </div>
   <div class='ocr_carea' id='block_1_3' title="bbox 235 228 750 458">
    <p class='ocr_par' dir='ltr' id='par_1_3' title="bbox 235 228 750 458">
     <span class='ocr_line' id='line_1_3' title="bbox 239 228 694 269; baseline -0.004 -9"><span class='ocrx_word' id='word_1_7' title='bbox 239 228 347 260; x_wconf 87' lang='lat' dir='ltr'>Gratis</span> <span class='ocrx_word' id='word_1_8' title='bbox 373 228 552 269; x_wconf 80' lang='lat' dir='ltr'><strong>accepistis,</strong></span> <span class='ocrx_word' id='word_1_9' title='bbox 581 229 694 260; x_wconf 84' lang='lat' dir='ltr'>dantes</span> 
     </span>
     <span class='ocr_line' id='line_1_4' title="bbox 285 275 668 315; baseline 0 -8"><span class='ocrx_word' id='word_1_10' title='bbox 285 276 360 307; x_wconf 87' lang='lat' dir='ltr'>Sitis</span> <span class='ocrx_word' id='word_1_11' title='bbox 387 275 485 315; x_wconf 83' lang='lat' dir='ltr'>gratis</span> <span class='ocrx_word' id='word_1_12' title='bbox 511 275 668 308; x_wconf 79' lang='lat' dir='ltr'>omnibus,</span> 
     </span>
     <span class='ocr_line' id='line_1_5' title="bbox 235 322 709 363; baseline -0.002 -8"><span class='ocrx_word' id='word_1_13' title='bbox 235 324 260 355; x_wconf 94' lang='grc' dir='ltr'>Ο</span> <span class='ocrx_word' id='word_1_14' title='bbox 288 333 380 363; x_wconf 85' lang='lat' dir='ltr'>quam</span> <span class='ocrx_word' id='word_1_15' title='bbox 407 322 497 353; x_wconf 88' lang='lat' dir='ltr'>multi</span> <span class='ocrx_word' id='word_1_16' title='bbox 523 323 709 354; x_wconf 88' lang='lat' dir='ltr'>clericorum</span> 
     </span>
     <span class='ocr_line' id='line_1_6' title="bbox 236 370 583 410; baseline 0.003 -9"><span class='ocrx_word' id='word_1_17' title='bbox 236 371 327 402; x_wconf 87' lang='lat' dir='ltr'>More</span> <span class='ocrx_word' id='word_1_18' title='bbox 353 370 583 410; x_wconf 80' lang='lat' dir='ltr'>negotiatorum</span> 
     </span>
     <span class='ocr_line' id='line_1_7' title="bbox 283 419 750 458; baseline 0 -8"><span class='ocrx_word' id='word_1_19' title='bbox 283 419 368 450; x_wconf 84' lang='lat' dir='ltr'>Viles</span> <span class='ocrx_word' id='word_1_20' title='bbox 395 422 558 449; x_wconf 89' lang='lat' dir='ltr'>sectantur</span> <span class='ocrx_word' id='word_1_21' title='bbox 583 420 750 458; x_wconf 80' lang='lat' dir='ltr'>quaestus!</span> 
     </span>
    </p>
   </div>
   <div class='ocr_carea' id='block_1_4' title="bbox 200 504 729 783">
    <p class='ocr_par' dir='ltr' id='par_1_4' title="bbox 200 504 729 783">
     <span class='ocr_line' id='line_1_8' title="bbox 200 504 729 545; baseline -0.002 -8"><span class='ocrx_word' id='word_1_22' title='bbox 200 531 207 537; x_wconf 91' lang='lat'>.</span> <span class='ocrx_word' id='word_1_23' title='bbox 236 504 454 544; x_wconf 85' lang='lat' dir='ltr'>Cauponizant</span> <span class='ocrx_word' id='word_1_24' title='bbox 479 509 509 535; x_wconf 90' lang='lat' dir='ltr'>et</span> <span class='ocrx_word' id='word_1_25' title='bbox 537 508 729 545; x_wconf 84' lang='lat' dir='ltr'>mercantur,</span> 
     </span>
     <span class='ocr_line' id='line_1_9' title="bbox 238 553 708 590; baseline 0 -6"><span class='ocrx_word' id='word_1_26' title='bbox 238 553 396 590; x_wconf 66' lang='lat' dir='ltr'>Mutuum,</span> <span class='ocrx_word' id='word_1_27' title='bbox 422 556 456 583; x_wconf 93' lang='lat' dir='ltr'>ut</span> <span class='ocrx_word' id='word_1_28' title='bbox 483 554 708 585; x_wconf 82' lang='lat' dir='ltr'>nanciscantur</span> 
     </span>
     <span class='ocr_line' id='line_1_10' title="bbox 283 600 647 641; baseline 0.003 -10"><span class='ocrx_word' id='word_1_29' title='bbox 283 600 366 639; x_wconf 84' lang='lat' dir='ltr'>Opes</span> <span class='ocrx_word' id='word_1_30' title='bbox 392 600 502 641; x_wconf 85' lang='lat' dir='ltr'>malas,</span> <span class='ocrx_word' id='word_1_31' title='bbox 531 601 647 632; x_wconf 84' lang='lat' dir='ltr'>deinde</span> 
     </span>
     <span class='ocr_line' id='line_1_11' title="bbox 238 649 700 687; baseline -0.002 -8"><span class='ocrx_word' id='word_1_32' title='bbox 238 649 318 679; x_wconf 88' lang='lat' dir='ltr'>Iussi</span> <span class='ocrx_word' id='word_1_33' title='bbox 346 657 457 687; x_wconf 88' lang='lat' dir='ltr'>parum</span> <span class='ocrx_word' id='word_1_34' title='bbox 483 650 700 684; x_wconf 71' lang='lat' dir='ltr'>recordantes.</span> 
     </span>
     <span class='ocr_line' id='line_1_12' title="bbox 237 696 702 728; baseline 0 -2"><span class='ocrx_word' id='word_1_35' title='bbox 237 696 378 726; x_wconf 77' lang='lat' dir='ltr'>Mutuum</span> <span class='ocrx_word' id='word_1_36' title='bbox 406 700 439 726; x_wconf 88' lang='lat' dir='ltr'>ut</span> <span class='ocrx_word' id='word_1_37' title='bbox 465 696 562 727; x_wconf 88' lang='lat' dir='ltr'>simus</span> <span class='ocrx_word' id='word_1_38' title='bbox 591 697 702 728; x_wconf 84' lang='lat' dir='ltr'>dantes</span> 
     </span>
     <span class='ocr_line' id='line_1_13' title="bbox 283 744 671 783; baseline 0.003 -9"><span class='ocrx_word' id='word_1_39' title='bbox 283 744 453 783; x_wconf 76' lang='lat' dir='ltr'>sperantes</span> <span class='ocrx_word' id='word_1_40' title='bbox 480 745 557 775; x_wconf 86' lang='lat' dir='ltr'>nihil</span> <span class='ocrx_word' id='word_1_41' title='bbox 587 745 671 775; x_wconf 86' lang='lat' dir='ltr'>inde.</span> 
     </span>
    </p>
   </div>
   <div class='ocr_carea' id='block_1_5' title="bbox 205 829 752 1105">
    <p class='ocr_par' dir='ltr' id='par_1_5' title="bbox 205 829 752 1105">
     <span class='ocr_line' id='line_1_14' title="bbox 205 829 752 869; baseline -0.002 -9"><span class='ocrx_word' id='word_1_42' title='bbox 205 857 208 860; x_wconf 20' lang='grc' dir='ltr'><em>Α</em></span> <span class='ocrx_word' id='word_1_43' title='bbox 237 829 332 862; x_wconf 81' lang='lat' dir='ltr'>Ecce.</span> <span class='ocrx_word' id='word_1_44' title='bbox 357 829 450 869; x_wconf 82' lang='lat' dir='ltr'>quale</span> <span class='ocrx_word' id='word_1_45' title='bbox 473 834 543 860; x_wconf 88' lang='lat' dir='ltr'>sunt</span> <span class='ocrx_word' id='word_1_46' title='bbox 571 829 752 867; x_wconf 85' lang='lat' dir='ltr'>exemplum</span> 
     </span>
     <span class='ocr_line' id='line_1_15' title="bbox 235 876 713 916; baseline 0 -9"><span class='ocrx_word' id='word_1_47' title='bbox 235 876 413 909; x_wconf 84' lang='lat' dir='ltr'>Laicorum.</span> <span class='ocrx_word' id='word_1_48' title='bbox 441 877 534 916; x_wconf 86' lang='lat' dir='ltr'>quale</span> <span class='ocrx_word' id='word_1_49' title='bbox 560 877 713 916; x_wconf 87' lang='lat' dir='ltr'>templum</span> 
     </span>
     <span class='ocr_line' id='line_1_16' title="bbox 283 924 656 956; baseline 0 -2"><span class='ocrx_word' id='word_1_50' title='bbox 283 925 400 955; x_wconf 73' lang='lat' dir='ltr'>t&#39;hristi</span> <span class='ocrx_word' id='word_1_51' title='bbox 426 924 656 956; x_wconf 80' lang='lat' dir='ltr'>eucharistiae!</span> 
     </span>
     <span class='ocr_line' id='line_1_17' title="bbox 234 971 728 1011; baseline 0.002 -9"><span class='ocrx_word' id='word_1_52' title='bbox 234 971 327 1004; x_wconf 76' lang='lat' dir='ltr'>Reor.</span> <span class='ocrx_word' id='word_1_53' title='bbox 355 972 438 1011; x_wconf 90' lang='lat' dir='ltr'>quod</span> <span class='ocrx_word' id='word_1_54' title='bbox 465 982 482 1002; x_wconf 88' lang='lat' dir='ltr'>a</span> <span class='ocrx_word' id='word_1_55' title='bbox 509 982 591 1003; x_wconf 84' lang='lat' dir='ltr'>noxa</span> <span class='ocrx_word' id='word_1_56' title='bbox 618 973 728 1003; x_wconf 83' lang='lat' dir='ltr'>horum</span> 
     </span>
     <span class='ocr_line' id='line_1_18' title="bbox 232 1019 633 1060; baseline 0.002 -11"><span class='ocrx_word' id='word_1_57' title='bbox 232 1019 327 1050; x_wconf 84' lang='lat' dir='ltr'>Rivet</span> <span class='ocrx_word' id='word_1_58' title='bbox 353 1020 440 1058; x_wconf 86' lang='lat' dir='ltr'>origo</span> <span class='ocrx_word' id='word_1_59' title='bbox 467 1021 633 1060; x_wconf 85' lang='lat' dir='ltr'>malorum,</span> 
     </span>
     <span class='ocr_line' id='line_1_19' title="bbox 282 1066 623 1105; baseline 0 -7"><span class='ocrx_word' id='word_1_60' title='bbox 282 1067 366 1105; x_wconf 75' lang='lat' dir='ltr'>Quae</span> <span class='ocrx_word' id='word_1_61' title='bbox 393 1066 470 1098; x_wconf 88' lang='lat' dir='ltr'>fiunt</span> <span class='ocrx_word' id='word_1_62' title='bbox 497 1068 623 1098; x_wconf 83' lang='lat' dir='ltr'>cotidie.</span> 
     </span>
    </p>
   </div>
   <div class='ocr_carea' id='block_1_6' title="bbox 875 182 907 214">
    <p class='ocr_par' dir='ltr' id='par_1_6' title="bbox 875 182 907 214">
     <span class='ocr_line' id='line_1_20' title="bbox 875 182 907 214; baseline 0 0"><span class='ocrx_word' id='word_1_63' title='bbox 875 182 907 214; x_wconf 91' lang='lat'>8.</span> 
     </span>
    </p>
   </div>
   <div class='ocr_carea' id='block_1_7' title="bbox 855 831 907 862">
    <p class='ocr_par' dir='ltr' id='par_1_7' title="bbox 855 831 907 862">
     <span class='ocr_line' id='line_1_21' title="bbox 855 831 907 862; baseline 0 0"><span class='ocrx_word' id='word_1_64' title='bbox 855 831 907 862; x_wconf 87' lang='lat'>10.</span> 
     </span>
    </p>
   </div>
   <div class='ocr_carea' id='block_1_8' title="bbox 933 179 1477 453">
    <p class='ocr_par' dir='ltr' id='par_1_8' title="bbox 933 179 1477 453">
     <span class='ocr_line' id='line_1_22' title="bbox 933 179 1363 224; baseline 0.002 -13"><span class='ocrx_word' id='word_1_65' title='bbox 933 179 1068 220; x_wconf 84' lang='lat' dir='ltr'>Quidam</span> <span class='ocrx_word' id='word_1_66' title='bbox 1095 180 1190 212; x_wconf 86' lang='lat' dir='ltr'>etiarn</span> <span class='ocrx_word' id='word_1_67' title='bbox 1215 181 1363 224; x_wconf 80' lang='lat' dir='ltr'>praelati,</span> 
     </span>
     <span class='ocr_line' id='line_1_23' title="bbox 933 227 1424 270; baseline 0 -10"><span class='ocrx_word' id='word_1_68' title='bbox 933 228 1104 268; x_wconf 87' lang='lat' dir='ltr'>Postquam</span> <span class='ocrx_word' id='word_1_69' title='bbox 1130 228 1209 260; x_wconf 87' lang='lat' dir='ltr'>fiunt</span> <span class='ocrx_word' id='word_1_70' title='bbox 1236 227 1424 270; x_wconf 79' lang='lat' dir='ltr'>confirmati,</span> 
     </span>
     <span class='ocr_line' id='line_1_24' title="bbox 981 275 1477 318; baseline 0.002 -10"><span class='ocrx_word' id='word_1_71' title='bbox 981 275 1089 318; x_wconf 87' lang='lat' dir='ltr'>Plura,</span> <span class='ocrx_word' id='word_1_72' title='bbox 1112 285 1205 316; x_wconf 85' lang='lat' dir='ltr'>quam</span> <span class='ocrx_word' id='word_1_73' title='bbox 1226 276 1477 316; x_wconf 78' lang='lat' dir='ltr'>spoponderant,</span> 
     </span>
     <span class='ocr_line' id='line_1_25' title="bbox 933 323 1413 365; baseline 0 -10"><span class='ocrx_word' id='word_1_74' title='bbox 933 323 1086 355; x_wconf 78' lang='lat' dir='ltr'>Omnibus</span> <span class='ocrx_word' id='word_1_75' title='bbox 1111 323 1296 365; x_wconf 80' lang='lat' dir='ltr'>infringunt,</span> <span class='ocrx_word' id='word_1_76' title='bbox 1324 324 1413 364; x_wconf 86' lang='lat' dir='ltr'>quasi</span> 
     </span>
     <span class='ocr_line' id='line_1_26' title="bbox 936 371 1296 403; baseline 0 -1"><span class='ocrx_word' id='word_1_77' title='bbox 936 371 1029 403; x_wconf 87' lang='lat' dir='ltr'>Fidei</span> <span class='ocrx_word' id='word_1_78' title='bbox 1056 371 1095 403; x_wconf 93' lang='lat' dir='ltr'>de</span> <span class='ocrx_word' id='word_1_79' title='bbox 1123 372 1206 403; x_wconf 88' lang='lat' dir='ltr'>libro</span> <span class='ocrx_word' id='word_1_80' title='bbox 1233 372 1296 403; x_wconf 86' lang='lat' dir='ltr'>rasi</span> 
     </span>
     <span class='ocr_line' id='line_1_27' title="bbox 984 417 1353 453; baseline 0.005 -3"><span class='ocrx_word' id='word_1_81' title='bbox 984 419 1025 450; x_wconf 90' lang='lat' dir='ltr'>Se</span> <span class='ocrx_word' id='word_1_82' title='bbox 1047 419 1134 452; x_wconf 89' lang='lat' dir='ltr'>laute</span> <span class='ocrx_word' id='word_1_83' title='bbox 1160 417 1353 453; x_wconf 86' lang='lat' dir='ltr'>refocillant.</span> 
     </span>
    </p>
   </div>
   <div class='ocr_carea' id='block_1_9' title="bbox 935 505 1476 779">
    <p class='ocr_par' dir='ltr' id='par_1_9' title="bbox 935 505 1476 779">
     <span class='ocr_line' id='line_1_28' title="bbox 935 505 1382 538; baseline 0.004 -2"><span class='ocrx_word' id='word_1_84' title='bbox 935 505 1087 537; x_wconf 89' lang='lat' dir='ltr'>Subditos</span> <span class='ocrx_word' id='word_1_85' title='bbox 1112 507 1246 538; x_wconf 90' lang='lat' dir='ltr'>multum</span> <span class='ocrx_word' id='word_1_86' title='bbox 1273 506 1382 538; x_wconf 86' lang='lat' dir='ltr'>inanes</span> 
     </span>
     <span class='ocr_line' id='line_1_29' title="bbox 935 553 1476 598; baseline 0.004 -14"><span class='ocrx_word' id='word_1_87' title='bbox 935 553 1137 595; x_wconf 82' lang='lat' dir='ltr'>Quapropter</span> <span class='ocrx_word' id='word_1_88' title='bbox 1150 554 1285 586; x_wconf 88' lang='lat' dir='ltr'>tendunt</span> <span class='ocrx_word' id='word_1_89' title='bbox 1303 554 1343 586; x_wconf 86' lang='lat' dir='ltr'>ad</span> <span class='ocrx_word' id='word_1_90' title='bbox 1358 563 1476 598; x_wconf 81' lang='lat' dir='ltr'>manes,</span> 
     </span>
     <span class='ocr_line' id='line_1_30' title="bbox 984 601 1338 642; baseline 0.003 -10"><span class='ocrx_word' id='word_1_91' title='bbox 984 601 1108 633; x_wconf 86' lang='lat' dir='ltr'>Ponunt</span> <span class='ocrx_word' id='word_1_92' title='bbox 1132 601 1338 642; x_wconf 89' lang='lat' dir='ltr'>impotrabile</span> 
     </span>
     <span class='ocr_line' id='line_1_31' title="bbox 935 649 1320 688; baseline 0.003 -8"><span class='ocrx_word' id='word_1_93' title='bbox 935 649 1046 680; x_wconf 86' lang='lat' dir='ltr'>Dorsis</span> <span class='ocrx_word' id='word_1_94' title='bbox 1072 650 1218 688; x_wconf 88' lang='lat' dir='ltr'>aliorum,</span> <span class='ocrx_word' id='word_1_95' title='bbox 1245 658 1320 681; x_wconf 88' lang='lat' dir='ltr'>vere</span> 
     </span>
     <span class='ocr_line' id='line_1_32' title="bbox 936 697 1343 739; baseline 0.005 -12"><span class='ocrx_word' id='word_1_96' title='bbox 936 697 1042 736; x_wconf 85' lang='lat' dir='ltr'>Digito</span> <span class='ocrx_word' id='word_1_97' title='bbox 1069 698 1179 729; x_wconf 90' lang='lat' dir='ltr'>nolunt</span> <span class='ocrx_word' id='word_1_98' title='bbox 1206 706 1343 739; x_wconf 84' lang='lat' dir='ltr'>movere,</span> 
     </span>
     <span class='ocr_line' id='line_1_33' title="bbox 982 744 1385 779; baseline 0.007 -4"><span class='ocrx_word' id='word_1_99' title='bbox 982 744 1052 775; x_wconf 92' lang='lat' dir='ltr'>Non</span> <span class='ocrx_word' id='word_1_100' title='bbox 1080 750 1126 776; x_wconf 88' lang='lat' dir='ltr'>est</span> <span class='ocrx_word' id='word_1_101' title='bbox 1154 745 1213 777; x_wconf 92' lang='lat' dir='ltr'>hoc</span> <span class='ocrx_word' id='word_1_102' title='bbox 1239 746 1385 779; x_wconf 85' lang='lat' dir='ltr'>amabile.</span> 
     </span>
    </p>
   </div>
   <div class='ocr_carea' id='block_1_10' title="bbox 934 830 1389 1102">
    <p class='ocr_par' dir='ltr' id='par_1_10' title="bbox 934 830 1389 1061">
     <span class='ocr_line' id='line_1_34' title="bbox 935 830 1316 870; baseline 0.003 -10"><span class='ocrx_word' id='word_1_103' title='bbox 935 830 1070 868; x_wconf 77' lang='lat' dir='ltr'>Quidam</span> <span class='ocrx_word' id='word_1_104' title='bbox 1098 831 1206 862; x_wconf 85' lang='lat' dir='ltr'>clerici</span> <span class='ocrx_word' id='word_1_105' title='bbox 1231 831 1316 870; x_wconf 87' lang='lat' dir='ltr'>elati,</span> 
     </span>
     <span class='ocr_line' id='line_1_35' title="bbox 935 877 1386 919; baseline 0.007 -12"><span class='ocrx_word' id='word_1_106' title='bbox 935 877 1084 908; x_wconf 77' lang='lat' dir='ltr'>Vestibus</span> <span class='ocrx_word' id='word_1_107' title='bbox 1110 888 1171 909; x_wconf 92' lang='lat' dir='ltr'>non</span> <span class='ocrx_word' id='word_1_108' title='bbox 1197 882 1267 909; x_wconf 87' lang='lat' dir='ltr'>arte</span> <span class='ocrx_word' id='word_1_109' title='bbox 1292 880 1386 919; x_wconf 81' lang='lat' dir='ltr'>grati,</span> 
     </span>
     <span class='ocr_line' id='line_1_36' title="bbox 983 925 1333 965; baseline 0.003 -9"><span class='ocrx_word' id='word_1_110' title='bbox 983 925 1141 957; x_wconf 85' lang='lat' dir='ltr'>Literatos</span> <span class='ocrx_word' id='word_1_111' title='bbox 1168 930 1333 965; x_wconf 85' lang='lat' dir='ltr'>respuunt,</span> 
     </span>
     <span class='ocr_line' id='line_1_37' title="bbox 934 973 1356 1005; baseline 0.005 -2"><span class='ocrx_word' id='word_1_112' title='bbox 934 973 1008 1004; x_wconf 88' lang='lat' dir='ltr'>Plus</span> <span class='ocrx_word' id='word_1_113' title='bbox 1034 980 1142 1005; x_wconf 86' lang='lat' dir='ltr'>amant</span> <span class='ocrx_word' id='word_1_114' title='bbox 1165 973 1356 1005; x_wconf 87' lang='lat' dir='ltr'>ioculatores</span> 
     </span>
     <span class='ocr_line' id='line_1_38' title="bbox 935 1020 1389 1061; baseline 0.004 -10"><span class='ocrx_word' id='word_1_115' title='bbox 935 1020 1129 1052; x_wconf 88' lang='lat' dir='ltr'>Fistularum</span> <span class='ocrx_word' id='word_1_116' title='bbox 1155 1026 1185 1052; x_wconf 92' lang='lat' dir='ltr'>et</span> <span class='ocrx_word' id='word_1_117' title='bbox 1213 1021 1389 1061; x_wconf 84' lang='lat' dir='ltr'>clangores,</span> 
     </span>
    </p>

    <p class='ocr_par' dir='ltr' id='par_1_11' title="bbox 982 1068 1386 1102">
     <span class='ocr_line' id='line_1_39' title="bbox 982 1068 1386 1102; baseline 0.005 -3"><span class='ocrx_word' id='word_1_118' title='bbox 982 1068 1024 1099; x_wconf 90' lang='lat' dir='ltr'>Hi</span> <span class='ocrx_word' id='word_1_119' title='bbox 1048 1070 1196 1100; x_wconf 78' lang='lat' dir='ltr'>virtutem</span> <span class='ocrx_word' id='word_1_120' title='bbox 1225 1069 1386 1102; x_wconf 88' lang='lat' dir='ltr'>deserunt.</span> 
     </span>
    </p>
   </div>
   <div class='ocr_carea' id='block_1_11' title="bbox 530 1154 1071 1424">
    <p class='ocr_par' dir='ltr' id='par_1_12' title="bbox 530 1154 1018 1284">
     <span class='ocr_line' id='line_1_40' title="bbox 530 1154 1018 1194; baseline 0 -9"><span class='ocrx_word' id='word_1_121' title='bbox 530 1154 583 1187; x_wconf 89' lang='lat'>11.</span> <span class='ocrx_word' id='word_1_122' title='bbox 611 1155 763 1193; x_wconf 83' lang='lat' dir='ltr'>Iussaque</span> <span class='ocrx_word' id='word_1_123' title='bbox 791 1157 927 1193; x_wconf 86' lang='lat' dir='ltr'>paterna</span> <span class='ocrx_word' id='word_1_124' title='bbox 953 1155 1018 1194; x_wconf 85' lang='lat' dir='ltr'>pati</span> 
     </span>
     <span class='ocr_line' id='line_1_41' title="bbox 612 1201 1010 1239; baseline 0 -6"><span class='ocrx_word' id='word_1_125' title='bbox 612 1201 755 1233; x_wconf 84' lang='lat' dir='ltr'>Medium</span> <span class='ocrx_word' id='word_1_126' title='bbox 781 1205 890 1233; x_wconf 87' lang='lat' dir='ltr'>tenent</span> <span class='ocrx_word' id='word_1_127' title='bbox 915 1203 1010 1239; x_wconf 78' lang='lat' dir='ltr'>beati,</span> 
     </span>
     <span class='ocr_line' id='line_1_42' title="bbox 659 1248 973 1284; baseline 0.003 -5"><span class='ocrx_word' id='word_1_128' title='bbox 659 1248 715 1280; x_wconf 90' lang='lat' dir='ltr'>Cui</span> <span class='ocrx_word' id='word_1_129' title='bbox 743 1249 842 1280; x_wconf 82' lang='lat' dir='ltr'>virtus</span> <span class='ocrx_word' id='word_1_130' title='bbox 868 1250 973 1284; x_wconf 81' lang='lat' dir='ltr'>inerit,</span> 
     </span>
    </p>

    <p class='ocr_par' dir='ltr' id='par_1_13' title="bbox 610 1297 1071 1424">
     <span class='ocr_line' id='line_1_43' title="bbox 613 1297 1071 1338; baseline 0.004 -12"><span class='ocrx_word' id='word_1_131' title='bbox 613 1297 671 1335; x_wconf 84' lang='lat' dir='ltr'>Qui</span> <span class='ocrx_word' id='word_1_132' title='bbox 698 1301 802 1327; x_wconf 88' lang='lat' dir='ltr'>autem</span> <span class='ocrx_word' id='word_1_133' title='bbox 830 1298 947 1328; x_wconf 86' lang='lat' dir='ltr'>virtute</span> <span class='ocrx_word' id='word_1_134' title='bbox 975 1301 1071 1338; x_wconf 83' lang='lat' dir='ltr'>caret,</span> 
     </span>
     <span class='ocr_line' id='line_1_44' title="bbox 610 1344 960 1385; baseline -0.006 -8"><span class='ocrx_word' id='word_1_135' title='bbox 610 1345 653 1377; x_wconf 90' lang='lat' dir='ltr'>Ut</span> <span class='ocrx_word' id='word_1_136' title='bbox 680 1344 791 1375; x_wconf 89' lang='lat' dir='ltr'>Boetio</span> <span class='ocrx_word' id='word_1_137' title='bbox 817 1349 960 1385; x_wconf 80' lang='lat' dir='ltr'>apparet,</span> 
     </span>
     <span class='ocr_line' id='line_1_45' title="bbox 657 1391 1013 1424; baseline 0.003 -2"><span class='ocrx_word' id='word_1_138' title='bbox 657 1391 738 1422; x_wconf 84' lang='lat' dir='ltr'>Esse</span> <span class='ocrx_word' id='word_1_139' title='bbox 763 1392 856 1423; x_wconf 89' lang='lat' dir='ltr'>homo</span> <span class='ocrx_word' id='word_1_140' title='bbox 884 1393 1013 1424; x_wconf 88' lang='lat' dir='ltr'>deserit.</span> 
     </span>
    </p>
   </div>
   <div class='ocr_carea' id='block_1_12' title="bbox 163 1474 965 1548">
    <p class='ocr_par' dir='ltr' id='par_1_14' title="bbox 163 1474 965 1548">
     <span class='ocr_line' id='line_1_46' title="bbox 240 1474 965 1511; baseline 0 -9"><span class='ocrx_word' id='word_1_141' title='bbox 240 1476 358 1503; x_wconf 82' lang='lat' dir='ltr'>Collect.</span> <span class='ocrx_word' id='word_1_142' title='bbox 391 1484 442 1501; x_wconf 88' lang='lat' dir='ltr'>ms.</span> <span class='ocrx_word' id='word_1_143' title='bbox 472 1476 638 1511; x_wconf 73' lang='lat' dir='ltr'>Aspacense</span> <span class='ocrx_word' id='word_1_144' title='bbox 669 1484 743 1502; x_wconf 77' lang='lat' dir='ltr'>saec.</span> <span class='ocrx_word' id='word_1_145' title='bbox 777 1474 821 1503; x_wconf 87' lang='lat'>13.</span> <span class='ocrx_word' id='word_1_146' title='bbox 851 1479 888 1504; x_wconf 85' lang='lat' dir='ltr'>et.</span> <span class='ocrx_word' id='word_1_147' title='bbox 922 1475 965 1503; x_wconf 82' lang='lat'>14.</span> 
     </span>
     <span class='ocr_line' id='line_1_47' title="bbox 163 1512 680 1548; baseline -0.002 -8"><span class='ocrx_word' id='word_1_148' title='bbox 163 1521 237 1540; x_wconf 84' lang='lat' dir='ltr'>saec.</span> <span class='ocrx_word' id='word_1_149' title='bbox 260 1512 332 1540; x_wconf 52' lang='lat'>¹³54.</span> <span class='ocrx_word' id='word_1_150' title='bbox 355 1527 390 1532; x_wconf 85' lang='lat'>--</span> <span class='ocrx_word' id='word_1_151' title='bbox 411 1512 438 1545; x_wconf 79' lang='grc'>9,</span> <span class='ocrx_word' id='word_1_152' title='bbox 459 1512 476 1540; x_wconf 80' lang='lat'>3</span> <span class='ocrx_word' id='word_1_153' title='bbox 500 1514 680 1548; x_wconf 87' lang='lat' dir='ltr'>imperabile.</span> 
     </span>
    </p>
   </div>
   <div class='ocr_carea' id='block_1_13' title="bbox 1020 1477 1479 1508">
    <p class='ocr_par' dir='ltr' id='par_1_15' title="bbox 1020 1477 1479 1508">
     <span class='ocr_line' id='line_1_48' title="bbox 1020 1477 1479 1508; baseline 0.011 -5"><span class='ocrx_word' id='word_1_154' title='bbox 1020 1477 1092 1504; x_wconf 78' lang='lat' dir='ltr'>Cim.</span> <span class='ocrx_word' id='word_1_155' title='bbox 1119 1479 1272 1506; x_wconf 80' lang='lat' dir='ltr'>Monacen.</span> <span class='ocrx_word' id='word_1_156' title='bbox 1301 1477 1385 1507; x_wconf 80' lang='grc'><strong>3215.</strong></span> <span class='ocrx_word' id='word_1_157' title='bbox 1413 1481 1479 1508; x_wconf 72' lang='lat' dir='ltr'>add.</span> 
     </span>
    </p>
   </div>
   <div class='ocr_carea' id='block_1_14' title="bbox 535 1644 1116 1685">
    <p class='ocr_par' dir='ltr' id='par_1_16' title="bbox 535 1644 1116 1685">
     <span class='ocr_line' id='line_1_49' title="bbox 535 1644 1116 1685; baseline 0 -9"><span class='ocrx_word' id='word_1_158' title='bbox 535 1645 596 1676; x_wconf 79' lang='lat'>321.</span> <span class='ocrx_word' id='word_1_159' title='bbox 637 1644 793 1685; x_wconf 74' lang='lat' dir='ltr'>Incipiunt</span> <span class='ocrx_word' id='word_1_160' title='bbox 813 1646 954 1677; x_wconf 73' lang='lat' dir='ltr'>Decreta</span> <span class='ocrx_word' id='word_1_161' title='bbox 975 1645 1116 1676; x_wconf 78' lang='lat' dir='ltr'>Simonis.</span> 
     </span>
    </p>
   </div>
   <div class='ocr_carea' id='block_1_15' title="bbox 177 1734 680 1771">
    <p class='ocr_par' dir='ltr' id='par_1_17' title="bbox 177 1734 680 1771">
     <span class='ocr_line' id='line_1_50' title="bbox 177 1734 680 1771; baseline -0.002 -5"><span class='ocrx_word' id='word_1_162' title='bbox 177 1735 205 1766; x_wconf 91' lang='lat'>1.</span> <span class='ocrx_word' id='word_1_163' title='bbox 234 1734 295 1766; x_wconf 90' lang='lat' dir='ltr'>Sua</span> <span class='ocrx_word' id='word_1_164' title='bbox 325 1735 431 1767; x_wconf 82' lang='lat' dir='ltr'>Simon</span> <span class='ocrx_word' id='word_1_165' title='bbox 457 1735 511 1766; x_wconf 74' lang='lat' dir='ltr'>(lat</span> <span class='ocrx_word' id='word_1_166' title='bbox 540 1735 680 1771; x_wconf 70' lang='lat' dir='ltr'>decreta,</span> 
     </span>
    </p>
   </div>
   <div class='ocr_carea' id='block_1_16' title="bbox 231 1782 730 1918">
    <p class='ocr_par' dir='ltr' id='par_1_18' title="bbox 231 1782 730 1918">
     <span class='ocr_line' id='line_1_51' title="bbox 235 1782 730 1822; baseline 0 -9"><span class='ocrx_word' id='word_1_167' title='bbox 235 1783 324 1820; x_wconf 83' lang='lat' dir='ltr'>Quod</span> <span class='ocrx_word' id='word_1_168' title='bbox 351 1783 378 1814; x_wconf 89' lang='lat' dir='ltr'>si</span> <span class='ocrx_word' id='word_1_169' title='bbox 404 1782 501 1813; x_wconf 88' lang='lat' dir='ltr'>bursa</span> <span class='ocrx_word' id='word_1_170' title='bbox 528 1783 569 1813; x_wconf 90' lang='lat' dir='ltr'>sit</span> <span class='ocrx_word' id='word_1_171' title='bbox 597 1783 730 1822; x_wconf 86' lang='lat' dir='ltr'>repleta,</span> 
     </span>
     <span class='ocr_line' id='line_1_52' title="bbox 231 1830 722 1871; baseline 0 -9"><span class='ocrx_word' id='word_1_172' title='bbox 231 1831 303 1862; x_wconf 87' lang='lat' dir='ltr'>Fiet</span> <span class='ocrx_word' id='word_1_173' title='bbox 331 1830 458 1870; x_wconf 81' lang='lat' dir='ltr'>praesul</span> <span class='ocrx_word' id='word_1_174' title='bbox 488 1831 537 1862; x_wconf 89' lang='lat' dir='ltr'>vel</span> <span class='ocrx_word' id='word_1_175' title='bbox 565 1831 722 1871; x_wconf 86' lang='lat' dir='ltr'>propheta</span> 
     </span>
     <span class='ocr_line' id='line_1_53' title="bbox 231 1878 680 1918; baseline 0.007 -9"><span class='ocrx_word' id='word_1_176' title='bbox 231 1878 350 1918; x_wconf 83' lang='lat' dir='ltr'>Davus⁷</span> <span class='ocrx_word' id='word_1_177' title='bbox 377 1878 483 1910; x_wconf 87' lang='lat' dir='ltr'>Birria</span> <span class='ocrx_word' id='word_1_178' title='bbox 511 1879 560 1910; x_wconf 90' lang='lat' dir='ltr'>vel</span> <span class='ocrx_word' id='word_1_179' title='bbox 589 1879 680 1912; x_wconf 84' lang='lat' dir='ltr'>Geta.</span> 
     </span>
    </p>
   </div>
   <div class='ocr_carea' id='block_1_17' title="bbox 198 1984 785 2167">
    <p class='ocr_par' dir='ltr' id='par_1_19' title="bbox 198 1984 785 2167">
     <span class='ocr_line' id='line_1_54' title="bbox 198 1984 686 2023; baseline -0.006 -7"><span class='ocrx_word' id='word_1_180' title='bbox 198 2011 204 2017; x_wconf 91' lang='lat'>.</span> <span class='ocrx_word' id='word_1_181' title='bbox 232 1984 303 2015; x_wconf 90' lang='lat' dir='ltr'>Non</span> <span class='ocrx_word' id='word_1_182' title='bbox 330 1984 467 2015; x_wconf 88' lang='lat' dir='ltr'>attendit</span> <span class='ocrx_word' id='word_1_183' title='bbox 493 1984 686 2023; x_wconf 87' lang='lat' dir='ltr'>probitatem</span> 
     </span>
     <span class='ocr_line' id='line_1_55' title="bbox 234 2031 724 2073; baseline 0.004 -12"><span class='ocrx_word' id='word_1_184' title='bbox 234 2031 342 2071; x_wconf 89' lang='lat' dir='ltr'>Neque</span> <span class='ocrx_word' id='word_1_185' title='bbox 366 2040 469 2063; x_wconf 89' lang='lat' dir='ltr'>mores</span> <span class='ocrx_word' id='word_1_186' title='bbox 495 2041 553 2062; x_wconf 87' lang='lat' dir='ltr'>nec</span> <span class='ocrx_word' id='word_1_187' title='bbox 578 2035 724 2073; x_wconf 89' lang='lat' dir='ltr'>aetatem,</span> 
     </span>
     <span class='ocr_line' id='line_1_56' title="bbox 233 2078 756 2119; baseline 0 -9"><span class='ocrx_word' id='word_1_188' title='bbox 233 2079 339 2110; x_wconf 84' lang='lat' dir='ltr'>Simon</span> <span class='ocrx_word' id='word_1_189' title='bbox 367 2078 441 2110; x_wconf 85' lang='lat' dir='ltr'>facit</span> <span class='ocrx_word' id='word_1_190' title='bbox 470 2080 552 2110; x_wconf 94' lang='lat' dir='ltr'>hunc</span> <span class='ocrx_word' id='word_1_191' title='bbox 578 2080 756 2119; x_wconf 79' lang='lat' dir='ltr'>primatem,</span> 
     </span>
     <span class='ocr_line' id='line_1_57' title="bbox 231 2127 785 2167; baseline 0.002 -9"><span class='ocrx_word' id='word_1_192' title='bbox 231 2127 324 2158; x_wconf 92' lang='lat' dir='ltr'>Hunc</span> <span class='ocrx_word' id='word_1_193' title='bbox 349 2127 499 2167; x_wconf 75' lang='lat' dir='ltr'>priorem,</span> <span class='ocrx_word' id='word_1_194' title='bbox 525 2128 608 2159; x_wconf 86' lang='lat' dir='ltr'>hunc</span> <span class='ocrx_word' id='word_1_195' title='bbox 625 2127 785 2160; x_wconf 86' lang='lat' dir='ltr'>abbatem.</span> 
     </span>
    </p>
   </div>
   <div class='ocr_carea' id='block_1_18' title="bbox 194 2231 768 2321">
    <p class='ocr_par' dir='ltr' id='par_1_20' title="bbox 194 2231 768 2321">
     <span class='ocr_line' id='line_1_58' title="bbox 194 2231 768 2274; baseline -0.003 -10"><span class='ocrx_word' id='word_1_196' title='bbox 194 2257 202 2264; x_wconf 93' lang='lat'>.</span> <span class='ocrx_word' id='word_1_197' title='bbox 230 2231 283 2264; x_wconf 88' lang='lat' dir='ltr'>Ad</span> <span class='ocrx_word' id='word_1_198' title='bbox 309 2232 368 2263; x_wconf 88' lang='lat' dir='ltr'>hoc</span> <span class='ocrx_word' id='word_1_199' title='bbox 395 2241 518 2271; x_wconf 87' lang='lat' dir='ltr'>pauper</span> <span class='ocrx_word' id='word_1_200' title='bbox 545 2243 606 2264; x_wconf 93' lang='lat' dir='ltr'>non</span> <span class='ocrx_word' id='word_1_201' title='bbox 634 2232 768 2274; x_wconf 78' lang='lat' dir='ltr'>accedit,</span> 
     </span>
     <span class='ocr_line' id='line_1_59' title="bbox 229 2280 716 2321; baseline -0.002 -10"><span class='ocrx_word' id='word_1_202' title='bbox 229 2283 444 2320; x_wconf 86' lang='lat' dir='ltr'>Accepturum</span> <span class='ocrx_word' id='word_1_203' title='bbox 472 2280 514 2311; x_wconf 91' lang='lat' dir='ltr'>nil</span> <span class='ocrx_word' id='word_1_204' title='bbox 542 2289 576 2311; x_wconf 92' lang='lat' dir='ltr'>se</span> <span class='ocrx_word' id='word_1_205' title='bbox 602 2280 716 2321; x_wconf 85' lang='lat' dir='ltr'>credit,</span> 
     </span>
    </p>
   </div>
   <div class='ocr_carea' id='block_1_19' title="bbox 228 2327 695 2408">
    <p class='ocr_par' dir='ltr' id='par_1_21' title="bbox 228 2327 695 2408">
     <span class='ocr_line' id='line_1_60' title="bbox 229 2327 692 2366; baseline -0.002 -7"><span class='ocrx_word' id='word_1_206' title='bbox 229 2327 284 2360; x_wconf 88' lang='lat' dir='ltr'>Nil</span> <span class='ocrx_word' id='word_1_207' title='bbox 311 2327 459 2365; x_wconf 70' lang='lat' dir='ltr'>habebat,</span> <span class='ocrx_word' id='word_1_208' title='bbox 486 2328 563 2359; x_wconf 89' lang='lat' dir='ltr'>nihil</span> <span class='ocrx_word' id='word_1_209' title='bbox 593 2328 692 2366; x_wconf 79' lang='lat' dir='ltr'>dedit,</span> 
     </span>
     <span class='ocr_line' id='line_1_61' title="bbox 228 2376 695 2408; baseline 0 0"><span class='ocrx_word' id='word_1_210' title='bbox 228 2376 298 2408; x_wconf 86' lang='lat' dir='ltr'>Nee</span> <span class='ocrx_word' id='word_1_211' title='bbox 321 2377 354 2408; x_wconf 92' lang='lat' dir='ltr'>in</span> <span class='ocrx_word' id='word_1_212' title='bbox 380 2384 472 2407; x_wconf 87' lang='lat' dir='ltr'>sacra</span> <span class='ocrx_word' id='word_1_213' title='bbox 499 2376 575 2407; x_wconf 90' lang='lat' dir='ltr'>sede</span> <span class='ocrx_word' id='word_1_214' title='bbox 601 2376 695 2408; x_wconf 88' lang='lat' dir='ltr'>sedit.</span> 
     </span>
    </p>
   </div>
   <div class='ocr_carea' id='block_1_20' title="bbox 859 1737 890 1768">
    <p class='ocr_par' dir='ltr' id='par_1_22' title="bbox 859 1737 890 1768">
     <span class='ocr_line' id='line_1_62' title="bbox 859 1737 890 1768; baseline -0.097 0"><span class='ocrx_word' id='word_1_215' title='bbox 859 1737 890 1768; x_wconf 88' lang='lat'>4.</span> 
     </span>
    </p>
   </div>
   <div class='ocr_carea' id='block_1_21' title="bbox 859 2235 890 2266">
    <p class='ocr_par' dir='ltr' id='par_1_23' title="bbox 859 2235 890 2266">
     <span class='ocr_line' id='line_1_63' title="bbox 859 2235 890 2266; baseline 0 0"><span class='ocrx_word' id='word_1_216' title='bbox 859 2235 890 2266; x_wconf 88' lang='lat'>6.</span> 
     </span>
    </p>
   </div>
   <div class='ocr_carea' id='block_1_22' title="bbox 917 1735 1478 1918">
    <p class='ocr_par' dir='ltr' id='par_1_24' title="bbox 917 1735 1478 1918">
     <span class='ocr_line' id='line_1_64' title="bbox 921 1735 1391 1779; baseline 0.009 -12"><span class='ocrx_word' id='word_1_217' title='bbox 921 1735 1027 1767; x_wconf 89' lang='lat' dir='ltr'>Simon</span> <span class='ocrx_word' id='word_1_218' title='bbox 1056 1735 1133 1768; x_wconf 87' lang='lat' dir='ltr'>facit</span> <span class='ocrx_word' id='word_1_219' title='bbox 1160 1738 1216 1770; x_wconf 87' lang='lat' dir='ltr'>hos</span> <span class='ocrx_word' id='word_1_220' title='bbox 1244 1739 1391 1779; x_wconf 85' lang='lat' dir='ltr'>maiores,</span> 
     </span>
     <span class='ocr_line' id='line_1_65' title="bbox 919 1784 1404 1829; baseline 0.012 -16"><span class='ocrx_word' id='word_1_221' title='bbox 919 1785 986 1817; x_wconf 90' lang='lat' dir='ltr'>Hos</span> <span class='ocrx_word' id='word_1_222' title='bbox 1012 1784 1155 1827; x_wconf 75' lang='lat' dir='ltr'>abbates,</span> <span class='ocrx_word' id='word_1_223' title='bbox 1185 1787 1241 1817; x_wconf 89' lang='lat' dir='ltr'>hos</span> <span class='ocrx_word' id='word_1_224' title='bbox 1267 1787 1404 1829; x_wconf 81' lang='lat' dir='ltr'>priores,</span> 
     </span>
     <span class='ocr_line' id='line_1_66' title="bbox 917 1831 1478 1872; baseline 0.014 -10"><span class='ocrx_word' id='word_1_225' title='bbox 917 1831 1070 1863; x_wconf 83' lang='lat' dir='ltr'>Nummos</span> <span class='ocrx_word' id='word_1_226' title='bbox 1094 1834 1218 1872; x_wconf 87' lang='lat' dir='ltr'>quaerit</span> <span class='ocrx_word' id='word_1_227' title='bbox 1243 1839 1273 1865; x_wconf 88' lang='lat' dir='ltr'>et</span> <span class='ocrx_word' id='word_1_228' title='bbox 1293 1845 1354 1867; x_wconf 89' lang='lat' dir='ltr'>non</span> <span class='ocrx_word' id='word_1_229' title='bbox 1372 1846 1478 1870; x_wconf 87' lang='lat' dir='ltr'>mores</span> 
     </span>
     <span class='ocr_line' id='line_1_67' title="bbox 917 1879 1411 1918; baseline 0.012 -7"><span class='ocrx_word' id='word_1_230' title='bbox 917 1879 959 1911; x_wconf 86' lang='lat' dir='ltr'>Et</span> <span class='ocrx_word' id='word_1_231' title='bbox 985 1882 1155 1912; x_wconf 86' lang='lat' dir='ltr'>nummatis</span> <span class='ocrx_word' id='word_1_232' title='bbox 1183 1883 1237 1914; x_wconf 89' lang='lat' dir='ltr'>dat</span> <span class='ocrx_word' id='word_1_233' title='bbox 1264 1883 1411 1918; x_wconf 81' lang='lat' dir='ltr'>honores,</span> 
     </span>
    </p>
   </div>
   <div class='ocr_carea' id='block_1_23' title="bbox 886 1937 1382 1973">
    <p class='ocr_par' dir='ltr' id='par_1_25' title="bbox 886 1937 1382 1973">
     <span class='ocr_line' id='line_1_68' title="bbox 886 1937 1382 1973; baseline 0.006 -3"><span class='ocrx_word' id='word_1_234' title='bbox 886 1963 893 1970; x_wconf 92' lang='lat'>.</span> <span class='ocrx_word' id='word_1_235' title='bbox 921 1937 1041 1968; x_wconf 86' lang='lat' dir='ltr'>Venter</span> <span class='ocrx_word' id='word_1_236' title='bbox 1067 1939 1159 1970; x_wconf 89' lang='lat' dir='ltr'>nimis</span> <span class='ocrx_word' id='word_1_237' title='bbox 1186 1941 1382 1973; x_wconf 88' lang='lat' dir='ltr'>incrassatus</span> 
     </span>
    </p>
   </div>
   <div class='ocr_carea' id='block_1_24' title="bbox 917 1985 1456 2219">
    <p class='ocr_par' dir='ltr' id='par_1_26' title="bbox 917 1985 1456 2174">
     <span class='ocr_line' id='line_1_69' title="bbox 919 1985 1456 2030; baseline 0.017 -16"><span class='ocrx_word' id='word_1_238' title='bbox 919 1985 1153 2026; x_wconf 76' lang='lat' dir='ltr'>Qualiscunque</span> <span class='ocrx_word' id='word_1_239' title='bbox 1179 1988 1235 2019; x_wconf 92' lang='lat' dir='ltr'>sed</span> <span class='ocrx_word' id='word_1_240' title='bbox 1263 1994 1456 2030; x_wconf 87' lang='lat' dir='ltr'>nummatus,</span> 
     </span>
     <span class='ocr_line' id='line_1_70' title="bbox 917 2033 1358 2078; baseline 0.011 -15"><span class='ocrx_word' id='word_1_241' title='bbox 917 2033 1014 2072; x_wconf 86' lang='lat' dir='ltr'>Apud</span> <span class='ocrx_word' id='word_1_242' title='bbox 1041 2043 1149 2066; x_wconf 89' lang='lat' dir='ltr'>omues</span> <span class='ocrx_word' id='word_1_243' title='bbox 1174 2034 1358 2078; x_wconf 84' lang='lat' dir='ltr'>infamatus,</span> 
     </span>
     <span class='ocr_line' id='line_1_71' title="bbox 917 2081 1428 2129; baseline 0.018 -20"><span class='ocrx_word' id='word_1_244' title='bbox 917 2081 1013 2119; x_wconf 85' lang='lat' dir='ltr'>Quem</span> <span class='ocrx_word' id='word_1_245' title='bbox 1040 2082 1112 2121; x_wconf 92' lang='lat' dir='ltr'>plus</span> <span class='ocrx_word' id='word_1_246' title='bbox 1137 2083 1284 2123; x_wconf 86' lang='lat' dir='ltr'>inquinat</span> <span class='ocrx_word' id='word_1_247' title='bbox 1308 2089 1428 2129; x_wconf 87' lang='lat' dir='ltr'>reatus,</span> 
     </span>
     <span class='ocr_line' id='line_1_72' title="bbox 918 2128 1326 2174; baseline 0.01 -14"><span class='ocrx_word' id='word_1_248' title='bbox 918 2128 951 2160; x_wconf 90' lang='lat' dir='ltr'>Si</span> <span class='ocrx_word' id='word_1_249' title='bbox 977 2128 1091 2160; x_wconf 85' lang='lat' dir='ltr'>offerre</span> <span class='ocrx_word' id='word_1_250' title='bbox 1117 2131 1159 2161; x_wconf 89' lang='lat' dir='ltr'>sit</span> <span class='ocrx_word' id='word_1_251' title='bbox 1184 2137 1326 2174; x_wconf 85' lang='lat' dir='ltr'>paratus,</span> 
     </span>
    </p>

    <p class='ocr_par' dir='ltr' id='par_1_27' title="bbox 917 2176 1407 2219">
     <span class='ocr_line' id='line_1_73' title="bbox 917 2176 1407 2219; baseline 0.012 -11"><span class='ocrx_word' id='word_1_252' title='bbox 917 2176 990 2208; x_wconf 89' lang='lat' dir='ltr'>Fiet</span> <span class='ocrx_word' id='word_1_253' title='bbox 1017 2179 1146 2216; x_wconf 89' lang='lat' dir='ltr'>praesul</span> <span class='ocrx_word' id='word_1_254' title='bbox 1173 2184 1205 2210; x_wconf 84' lang='lat' dir='ltr'>et</span> <span class='ocrx_word' id='word_1_255' title='bbox 1230 2181 1407 2219; x_wconf 81' lang='lat' dir='ltr'>praelatus.</span> 
     </span>
    </p>
   </div>
   <div class='ocr_carea' id='block_1_25' title="bbox 917 2233 1458 2417">
    <p class='ocr_par' dir='ltr' id='par_1_28' title="bbox 917 2233 1458 2417">
     <span class='ocr_line' id='line_1_74' title="bbox 917 2233 1333 2279; baseline 0.01 -14"><span class='ocrx_word' id='word_1_256' title='bbox 917 2233 959 2265; x_wconf 90' lang='lat' dir='ltr'>Et</span> <span class='ocrx_word' id='word_1_257' title='bbox 985 2234 1017 2265; x_wconf 93' lang='lat' dir='ltr'>in</span> <span class='ocrx_word' id='word_1_258' title='bbox 1043 2235 1120 2266; x_wconf 88' lang='lat' dir='ltr'>sede</span> <span class='ocrx_word' id='word_1_259' title='bbox 1146 2236 1333 2279; x_wconf 85' lang='lat' dir='ltr'>collocatur,</span> 
     </span>
     <span class='ocr_line' id='line_1_75' title="bbox 917 2282 1418 2331; baseline 0.014 -17"><span class='ocrx_word' id='word_1_260' title='bbox 917 2282 1028 2320; x_wconf 75' lang='lat' dir='ltr'>Miser,</span> <span class='ocrx_word' id='word_1_261' title='bbox 1056 2292 1075 2314; x_wconf 84' lang='lat' dir='ltr'>a</span> <span class='ocrx_word' id='word_1_262' title='bbox 1099 2293 1161 2323; x_wconf 91' lang='lat' dir='ltr'>quo</span> <span class='ocrx_word' id='word_1_263' title='bbox 1186 2286 1286 2325; x_wconf 84' lang='lat' dir='ltr'>magis</span> <span class='ocrx_word' id='word_1_264' title='bbox 1314 2287 1418 2331; x_wconf 89' lang='lat' dir='ltr'>datur,</span> 
     </span>
     <span class='ocr_line' id='line_1_76' title="bbox 917 2329 1458 2381; baseline 0.02 -22"><span class='ocrx_word' id='word_1_265' title='bbox 917 2329 1006 2361; x_wconf 87' lang='lat' dir='ltr'>Tunc</span> <span class='ocrx_word' id='word_1_266' title='bbox 1031 2331 1187 2371; x_wconf 88' lang='lat' dir='ltr'>superbit,</span> <span class='ocrx_word' id='word_1_267' title='bbox 1214 2336 1289 2365; x_wconf 90' lang='lat' dir='ltr'>tunc</span> <span class='ocrx_word' id='word_1_268' title='bbox 1315 2335 1458 2381; x_wconf 88' lang='lat' dir='ltr'>inflatur,</span> 
     </span>
     <span class='ocr_line' id='line_1_77' title="bbox 917 2377 1344 2417; baseline 0.016 -8"><span class='ocrx_word' id='word_1_269' title='bbox 917 2377 971 2409; x_wconf 90' lang='lat' dir='ltr'>Nil</span> <span class='ocrx_word' id='word_1_270' title='bbox 1001 2378 1039 2409; x_wconf 87' lang='lat' dir='ltr'>de</span> <span class='ocrx_word' id='word_1_271' title='bbox 1065 2379 1133 2411; x_wconf 87' lang='lat' dir='ltr'>Deo</span> <span class='ocrx_word' id='word_1_272' title='bbox 1159 2381 1344 2417; x_wconf 85' lang='lat' dir='ltr'>meditatur.</span> 
     </span>
    </p>
   </div>
  </div>
 </body>
</html>
