1651 2680
219 237 252 268 9.

196 561 249 594 10.

196 1267 248 1297 11.

193 1906 245 1938 13.

193 2222 246 2253 14.

709 71 965 108 —120—

375 168 417 194 Ad
439 170 618 194 ornamenta.

280 235 406 274 Gaude,
433 244 526 275 quam
552 234 639 266 Deus
667 235 792 267 annulis

278 283 409 315 Ornavit
437 286 466 313 et
493 282 699 321 muraenulis,

275 331 426 372 Armilla,
454 330 684 369 dextrochirio,

277 379 413 419 Torque,
443 378 552 409 monili
579 378 677 417 regio.

412 491 453 518 Ad
476 500 581 525 genua.

278 560 403 597 Gaude,
431 561 462 590 in
490 560 577 590 cuius
604 558 735 598 genibus

283 609 316 639 ln
342 607 493 638 membris
519 606 719 638 infantilibus

326 655 411 686 Deus
438 655 530 686 homo
555 654 650 694 sedit,

277 704 348 734 Huc
375 703 525 733 ardenter
550 705 713 742 properat,

277 751 423 790 Quisquis
450 754 480 780 te
507 749 678 790 desiderat,

324 799 396 829 Cito
423 807 482 828 non
508 797 648 837 recedit3

278 846 419 877 Devotos
448 845 499 876 bic
526 847 566 877 ad
594 843 728 876 famulos

277 895 442 925 Maternus
468 892 570 924 flectis
596 893 714 929 oculos,

325 941 498 973 Dexteram
526 941 724 980 praetendiS,

278 990 321 1022 Ut
348 993 378 1019 te
404 994 501 1020 totam
530 988 676 1028 habeant,

278 1037 326 1068 De
353 1043 458 1068 cetero
484 1046 522 1067 nc
550 1041 691 1075 pereant,

324 1084 370 1115 Te
396 1088 493 1116 totam
520 1084 689 1124 impendis.

409 1199 451 1223 Ad
476 1199 578 1223 silitum.

277 1265 399 1296 Gaude.
427 1270 528 1295 mater
553 1264 779 1302 orphanorum,

278 1314 361 1343 Vera
388 1312 493 1342 nutiix
523 1312 737 1352 parvulorum,

275 1365 358 1398 Quos
386 1360 468 1390 lacte
494 1360 595 1389 nutris
622 1360 753 1398 gratiae,

276 1410 351 1439 Sinu
379 1406 466 1437 foves
493 1407 688 1438 clementiae.

390 1521 433 1547 Ad
458 1524 596 1547 ventrem.

215 1598 245 1620 ·.
274 1590 397 1621 Gaude,
426 1597 505 1628 quae
531 1588 591 1619 Dei
617 1587 715 1619 filium

277 1637 374 1668 Tuam
402 1645 460 1675 per
485 1645 609 1667 carnem
638 1636 800 1675 proprium

274 1685 401 1715 Ventris
428 1685 563 1723 portasti
591 1684 743 1722 thalamo,

276 1732 384 1763 Laetis
411 1733 527 1771 potasti
555 1731 706 1764 balsamo.

455 1836 534 1862 Item.

274 1905 340 1935 Fac
367 1904 407 1934 ad
433 1905 532 1935 nostri
561 1903 710 1934 solacium

277 1953 435 1984 Dilectum
463 1952 508 1982 tui
534 1951 616 1983 uteri

275 2001 463 2031 Nostrorum
491 2008 618 2039 semper
644 1999 785 2030 cordium

275 2047 363 2079 Totis
390 2047 536 2078 medullis
562 2047 669 2079 inseri.

381 2151 427 2177 Ad
449 2153 600 2187 gremium.

274 2220 396 2257 Gaude,
423 2229 503 2259 quae
530 2220 581 2259 pio
609 2218 673 2250 filio

274 2269 310 2300 In
338 2267 483 2307 virginali
510 2268 629 2308 gremio

271 2317 403 2348 Dulceni
429 2314 564 2355 infigens
589 2316 714 2347 oculum

271 2365 374 2397 Sum-e
401 2363 519 2395 dedisti
545 2363 698 2397 osculum.

885 171 940 203 15.
966 169 1089 212 Gaude,
1115 179 1197 210 quae
1219 179 1328 202 verum
1345 169 1500 208 amicum,

883 408 938 440 16.

965 217 1100 250 Fontem
1125 218 1243 250 amoris
1267 217 1406 256 unicum,

965 264 1189 306 Frequentasti
1213 265 1423 306 amplexibus,

963 314 1114 345 Amorem
1140 313 1369 345 redolentibus.

964 407 1051 448 Ergo
1060 408 1164 447 gaude
1170 407 1242 447 plus
1249 415 1342 448 quam
1349 408 1497 445 multum,

965 455 1008 486 Et
1034 455 1144 487 dilecti
1169 455 1243 486 vide
1268 454 1390 486 vultum

1012 503 1173 543 Singulari
1198 503 1311 541 gratia,

963 550 1208 590 Amplexantem
1235 549 1435 589 amplexare.

965 597 1167 630 osculantem
1194 597 1340 629 osculare

1011 646 1148 678 Perenni
1175 645 1356 676 concordia.

1093 753 1137 780 Ad
1159 756 1268 788 pectus.

880 823 933 854 17.
957 821 1081 859 Gaude,
1107 822 1138 852 in
1166 821 1254 852 cuius
1280 824 1410 860 pectore

877 1523 930 1556 18.

879 1849 932 1882 19.

877 2175 932 2206 20.

962 869 1103 907 Quiescit
1127 869 1212 900 omni
1239 872 1382 908 tempore

963 916 1039 957 Pax,
1068 917 1170 956 pietas
1197 919 1227 947 et
1253 917 1390 955 bonitas,

961 965 1159 1006 Iucunditas,
1184 964 1401 1004 tranquillitas

962 1012 1005 1043 Et
1030 1013 1171 1044 suavitas
1198 1017 1229 1042 et
1254 1012 1374 1044 sanitas

961 1061 1003 1092 Et
1030 1060 1156 1101 caritas,
1184 1060 1351 1092 sinceritas

962 1108 1002 1139 Et
1031 1108 1159 1145 veritas,
1186 1108 1340 1139 securitas

962 1156 1002 1186 Et
1030 1156 1153 1195 puritas
1180 1160 1210 1187 et
1237 1155 1381 1195 bonitas;

963 1203 1044 1234 Dum
1070 1207 1221 1241 repausat
1245 1204 1279 1234 in
1304 1209 1368 1233 tam
1395 1204 1449 1242 pio

963 1251 1080 1281 Lassus
1108 1251 1324 1287 reclinatorio,

962 1299 1077 1330 Haurit
1103 1303 1227 1337 gustum
1255 1298 1444 1331 dulcedinis,

962 1346 1121 1377 Levamen
1148 1346 1357 1377 lassitudinis.

1140 1456 1221 1481 Item.

960 1521 1083 1562 Gaude,
1112 1523 1199 1553 cuius
1225 1531 1323 1561 supra
1349 1527 1462 1561 pectus

958 1569 1045 1600 Tuus
1071 1575 1185 1610 pausat
1209 1570 1440 1608 praedilectus,

959 1617 1026 1655 Quo
1052 1617 1130 1649 nihil
1155 1627 1291 1657 unquam
1317 1619 1457 1659 suavius,

960 1665 1013 1696 Nil
1041 1665 1175 1698 dulcius,
1202 1666 1246 1696 nil
1272 1666 1386 1698 cariuS.

1093 1780 1135 1806 Ad
1159 1781 1258 1807 ubera.

961 1847 1084 1887 Gaude,
1113 1849 1200 1879 cuius
1225 1848 1375 1880 uberibus

961 1895 1064 1935 Super
1091 1896 1196 1927 vinum
1223 1894 1437 1936 fraglantibus

961 1944 1081 1975 Melliti
1105 1948 1235 1975 manant
1259 1945 1365 1983 rivuli,

962 1991 1080 2030 Quibus
1106 1996 1257 2030 potantur
1282 1993 1418 2033 parvuli.

1114 2105 1158 2131 Ad
1179 2106 1245 2133 Cor.

957 2173 1080 2213 Gaude,
1109 2173 1196 2205 clara
1222 2178 1253 2205 et
1278 2175 1423 2215 insignis,

963 2221 1058 2253 Cuius
1084 2219 1198 2260 flagrat
1226 2231 1281 2254 cor
1306 2226 1341 2255 ut
1366 2223 1460 2266 ignis,

959 2269 1049 2309 Quod
1077 2274 1205 2309 coaptat
1230 2279 1263 2301 se
1289 2271 1430 2311 indignis

960 2316 1029 2348 Nec
1054 2317 1178 2348 recedit
1203 2327 1222 2348 a
1246 2318 1404 2359 benignis,

1008 2365 1133 2397 Docens
1157 2375 1264 2398 amare
1290 2365 1428 2402 fortiter.
