1651 2680
647 105 689 110 —
742 85 907 122 323—

134 186 190 219 29.
213 183 321 218 Maria
346 191 416 216 cum
441 182 618 224 sodalibus,

263 229 340 264 Cum
367 231 498 271 angelis,
531 239 601 262 cum
628 233 747 265 sanctis

213 280 328 313 Veniet
353 288 423 312 cum
449 279 579 321 talibus,

263 327 473 360 permaximis
500 336 570 359 cum
598 328 707 366 tantis,

212 375 266 410 Ad
291 377 449 408 culturam
476 376 593 416 singuli

260 424 398 456 Venient
423 432 493 456 cum
522 424 649 465 decore,

212 473 301 506 Iesus
325 477 420 513 atque
445 473 552 512 angeli

259 521 439 553 Pascuntur
464 530 503 552 ex
529 521 640 556 odore,

130 591 185 623 30.
210 589 269 630 Qui
294 589 456 620 studiosus
483 587 583 620 fuerit

257 637 353 669 Horti
381 638 413 668 in
441 637 568 668 cultura

210 686 281 718 Hac
306 688 401 725 atque
427 685 587 716 studuerit

259 733 387 766 Servire
413 738 519 765 mente
547 743 629 773 pura

210 782 288 821 Deo,
315 786 347 812 et
370 782 454 812 hunc
482 782 642 814 hortulum

257 830 332 869 Ipse
357 830 579 870 praeparabit,

210 879 280 911 Non
317 877 456 910 fructum
483 883 537 910 aut
563 878 743 921 parvulum,

257 927 319 959 Sed
347 935 380 958 se
405 926 510 966 ipsum
539 927 639 960 dabit.

820 186 876 218 31.
902 186 953 218 lbi
983 186 1138 226 „Sanctus
1165 186 1340 220 Dominus“

953 234 1046 267 Clare
1072 245 1181 267 omnes
1208 240 1349 277 cantant,

904 283 1054 315 Laudant
1079 284 1305 322 mihilominus,

954 331 1024 363 Non
1043 332 1159 364 herbas
1178 333 1263 364 ultra
1281 334 1439 374 plantant,

903 379 966 412 Sed
994 380 1098 412 omnia
1126 381 1156 411 in
1184 382 1329 412 omnibus

952 427 1012 458 Est
1037 430 1082 460 eis
1110 428 1194 460 Deus
1222 429 1324 469 vivus,

906 477 987 508 Prae
1014 477 1135 508 cunctis
1154 476 1206 516 qui
1226 476 1439 516 gratissimus,

956 523 1125 555 Sufficiens
1153 530 1183 556 et
1212 525 1315 557 divus.

820 592 873 623 32.
901 591 961 630 Qui
987 601 1075 623 suam
1103 592 1157 622 det
1182 591 1234 623 hic
1260 593 1394 631 gratiam

952 640 1004 670 Ad
1033 640 1150 671 hortuli
1177 640 1344 680 culturam,

903 687 1005 719 Huius
1032 692 1061 718 et
1089 689 1261 727 propitiam

956 736 1094 767 Mariam
1122 745 1221 774 ponas
1248 745 1372 775 puram,

903 784 1090 816 Sanctorum
1118 784 1311 815 adiutorium

954 831 1014 863 Det
1042 836 1073 863 et
1099 838 1241 864 sanctum
1270 832 1383 863 flamen

902 880 945 912 Et
971 890 1053 911 nunc
1080 884 1111 910 et
1137 881 1167 911 in
1194 886 1383 921 perpetuum

951 928 1166 962 saeculorum.
1219 929 1330 959 Amen.

194 993 313 1020 Collect.
341 1002 393 1020 ms.
415 994 568 1020 Seitzense
596 1002 671 1020 saec.
702 991 743 1019 15.
786 993 855 1021 Cod.
879 995 1001 1021 Roman.
1030 992 1094 1021 liO'Z.
1116 994 1217 1020 <Varia
1240 992 1274 1020 4).
1301 1009 1332 1011 2
1354 992 1386 1025 3,
1416 991 1432 1019 Ἴ

114 1031 258 1059 fut-endas,
281 1045 317 1050 —
339 1030 372 1064 9,
399 1029 415 1057 7
438 1031 509 1058 haec
531 1031 611 1058 fehlt.
636 1049 668 1052 —
695 1030 742 1066 15,
771 1031 790 1059 4
812 1033 891 1058 Auro
913 1033 1057 1067 optinens.
1085 1047 1113 1049 —
1139 1031 1192 1063 21,
1214 1030 1231 1057 4
1256 1032 1378 1059 laedent.
1404 1047 1438 1051 —-

113 1068 158 1102 27,
177 1068 196 1098 6
217 1070 268 1098 sed
288 1070 376 1097 leute.
400 1085 430 1088 -
457 1068 501 1102 30,
525 1067 542 1097 2
564 1074 686 1097 «ιοηυε.
710 1087 744 1090 —
766 1069 812 1102 30,
833 1068 851 1097 3
874 1071 938 1098 Hac
962 1075 999 1097 et.
1024 1085 1058 1088 —-
1079 1068 1124 1102 32,
1147 1070 1164 1095 ἵ»
1186 1074 1318 1097 sanctos.

375 1177 442 1209 295.
484 1177 603 1209 Iubilus
625 1177 796 1218 gaudentis
818 1178 871 1209 sed
894 1178 983 1210 corde
1004 1178 1185 1209 maerentis.

153 1253 182 1287 1.
210 1251 328 1288 lntima
354 1255 492 1295 laetitia,

258 1302 372 1334 Cordis
400 1302 574 1341 hilaritate,

208 1351 339 1390 Absque
366 1351 451 1383 omni
478 1351 650 1392 maestitia,

254 1399 348 1432 Mera
373 1400 574 1432 iucunditate

207 1447 267 1480 Dei
295 1447 393 1480 lauda
418 1448 550 1487 iudicia,

254 1496 341 1535 Quae
366 1497 399 1528 ni
426 1505 465 1528 ex
493 1496 629 1528 veritate

207 1544 396 1584 Emergunt,
423 1553 461 1576 ac
487 1544 646 1585 supplicia

255 1591 373 1625 Divina
400 1593 575 1625 voluntate.

147 1662 178 1694 2.
205 1657 307 1694 Homo
333 1661 448 1693 videns
475 1660 617 1692 exterius

255 1709 413 1741 Perversa
440 1708 653 1748 machinatur,

205 1757 291 1790 Deus
321 1766 377 1789 cor
402 1757 537 1789 interius

253 1808 362 1846 Atque
389 1814 481 1838 renes
507 1808 680 1848 scrutatur,

204 1854 260 1886 Nil
286 1854 389 1894 obest,
417 1854 444 1885 si
470 1854 600 1886 uberius

253 1902 744 1944 Hicquisquampraegravatur,

205 1951 239 1984 Si
265 1951 400 1991 spiritus
426 1951 585 1983 sincerius

252 2001 283 2033 A
309 1999 380 2032 Deo
407 2001 603 2031 consolatur.

145 2069 178 2101 3.
204 2065 278 2107 Eia,
305 2077 324 2099 o
350 2068 569 2108 pauperrime,

251 2115 463 2156 Nequaquam
489 2116 644 2154 verearis,

204 2164 347 2197 Tametsi
373 2173 459 2196 nunc
484 2163 665 2196 miserrime

254 2214 376 2246 Amare
401 2211 622 2251 confundam,

203 2262 235 2294 A
261 2260 391 2296 Christo
416 2261 464 2292 sic
489 2260 652 2292 uberrime

253 2307 418 2350 Proban's,
445 2308 618 2350 adamans,

207 2359 430 2398 Purgatusque
455 2356 625 2389 celerrime

252 2407 412 2440 Coronam
437 2404 631 2446 assequaris.

846 1256 877 1287 4.
906 1252 976 1289 Rex
1003 1264 1111 1295 regum
1139 1255 1325 1293 altissimus,

953 1303 1043 1334 Hanc
1072 1303 1152 1333 viam
1180 1308 1225 1334 est
1253 1303 1427 1345 ingressus,

903 1352 1016 1391 Sicque
1043 1352 1321 1383 innocentissimus

950 1400 1029 1431 Tam
1059 1400 1129 1431 ‹lira
1156 1405 1205 1431 est
1231 1408 1402 1439 perpessus

903 1449 966 1480 Pro
993 1453 1035 1488 te,
1061 1449 1113 1488 qui
1141 1457 1174 1479 es
1201 1449 1403 1487 turpissimus

951 1497 1158 1536 Peccatisque
1184 1505 1367 1536 oppressus,

904 1544 957 1577 Sic
984 1546 1138 1584 panditur
1164 1544 1356 1575 laetissimus

951 1594 1165 1624 Aeternorum
1193 1601 1350 1626 accessus

844 1663 876 1692 5.
904 1659 1068 1701 Optabilis
1094 1661 1236 1699 tristitia,

951 1710 1037 1747 Quae
1065 1708 1127 1740 fert
1155 1709 1395 1748 iucunditatem,

903 1758 963 1789 Ast
990 1757 1099 1796 gaudii
1126 1758 1216 1789 initia

953 1805 1114 1837 Praebens
1143 1804 1341 1843 felicitatem,

903 1851 1054 1886 Perfecta
1081 1853 1158 1884 haec
1184 1853 1307 1885 laetitia

953 1901 1105 1932 Probabit
1133 1902 1310 1940 caritatem,

905 1950 986 1982 Nam
1015 1949 1075 1981 Dei
1100 1950 1146 1980 sic
1172 1950 1294 1981 iustitia

953 1997 1063 2029 Nutrit
1091 1997 1313 2030 humilitatem.

845 2067 878 2098 6.
904 2063 958 2099 Nil
985 2074 1058 2096 reor
1083 2065 1130 2095 sic
1155 2065 1264 2096 utilius

954 2114 1016 2145 Pro
1045 2113 1112 2145 Deo
1137 2114 1285 2145 tribulari

906 2161 1039 2201 Patique
1066 2161 1200 2199 virilius,

953 2210 1129 2241 Perversus
1158 2212 1310 2253 reputari,

904 2259 957 2290 Sic
984 2258 1140 2293 Christus,
1167 2258 1226 2290 Dei
1254 2259 1348 2301 filius,

952 2307 1014 2338 Hic
1040 2305 1152 2338 maluit
1177 2309 1327 2347 temptari

904 2356 954 2387 Ac
979 2363 1057 2394 prae
1080 2356 1202 2387 cunctis
1230 2356 1324 2388 vilius

951 2403 1051 2443 Quam
1077 2403 1161 2436 latro
1187 2405 1376 2437 conculcari.

1204 2460 1236 2488 21
1250 2459 1263 2473 *
