1651 2680
0 2526 33 2680 ..ὄρθ’-,ὴ
8 2500 16 2509 -·
12 2475 21 2486 ‹.

173 557 191 587 ΕΠ

169 1104 184 1137 1

165 1337 184 1368 2

162 1581 179 1598 n]

693 92 954 129 —291—

564 263 625 294 261.
667 263 710 294 De
734 264 852 296 sanctis
874 264 1076 296 Maccabaois.

232 362 258 395 Ο
283 371 340 394 vos
366 362 470 394 sancti
495 362 695 403 Maccabaei‚

231 410 396 451 Martyres
423 410 518 442 electi
544 411 615 449 Dei,

232 457 291 497 Qui
318 458 359 490 ob
386 458 466 498 legis
490 458 701 491 observanien

231 507 416 538 Inauditnm
443 507 624 540 cruciamen

197 581 203 587 .
230 554 407 586 Tolerastis
433 555 596 594 patienter

230 602 274 634 Et
297 602 412 635 obistis
438 603 628 635 innocenter

228 651 331 683 Saeva
355 655 458 683 morte
484 655 581 692 atque
606 652 660 683 vili

230 698 295 730 Sub
320 699 484 731 Antiocho
510 701 633 740 gentili.

229 747 289 778 Dei
316 747 408 780 donis
434 747 584 787 inspirati

868 365 921 397 10.

865 606 920 638 15.

950 366 998 396 Ac
1025 375 1083 407 per
1109 368 1242 396 matrem
1270 364 1441 397 confortati

950 414 1055 445 Vitam
1082 414 1190 444 mundi
1219 414 1457 452 contempsistis

948 462 991 493 Et
1016 463 1056 493 ad
1085 462 1190 493 caelos
1217 462 1461 497 conscendistis,

948 509 1011 542 Ubi
1040 514 1146 541 vestro
1173 519 1232 549 pro
1258 516 1390 548 tropaeo

948 556 1161 589 Confi-nentes
1187 558 1263 589 estis
1287 557 1368 588 Deo.

947 607 1046 645 Quom
1073 615 1132 644 pro
1158 606 1250 636 nobis
1276 606 1428 643 exoretis,

947 653 1132 685 Aeternalis
1157 658 1192 684 ut
1218 654 1333 693 quietis

948 701 1074 733 Gaudia
1100 701 1328 741 participemus

946 750 989 781 Et
1015 749 1179 782 vobiscum
1206 750 1394 782 habitemus

234 842 314 869 Orat.
337 852 389 869 ms.
411 843 575 878 Campense
597 844 667 870 anni
692 842 774 871 1462.
817 843 888 872 cod.
911 845 1129 872 Darmstadien.
1152 843 1216 871 521.

551 1005 618 1035 262.
662 1004 700 1035 De
722 1013 745 1034 s.
767 1005 866 1036 Maria
888 1005 1085 1045 Magdalena.

193 1127 199 1133 .
227 1104 337 1136 Omnis
364 1104 469 1146 homo,
497 1105 550 1144 qui
577 1106 734 1144 premeris

224 1151 428 1184 Enormitate
454 1153 596 1191 sceleris,

226 1199 274 1231 Sit
299 1200 332 1231 in
359 1205 414 1232 tua
440 1201 594 1232 memoria

226 1247 344 1280 Sancta
371 1249 537 1288 peccatrix
564 1248 680 1282 Maria.

191 1362 198 1368 .
225 1334 258 1366 Si
283 1333 420 1367 formam
447 1336 665 1374 paenitentiae

222 1383 267 1415 Et
291 1383 394 1415 locum
421 1384 549 1423 quoeris
576 1383 699 1421 veniae,

221 1431 370 1463 Reducas
395 1431 437 1464 ad
464 1433 649 1464 memoriam

228 1479 352 1512 Mariae
379 1480 621 1520 paenitentiam.

221 1565 255 1597 Si
281 1566 368 1597 iussa
394 1565 455 1598 Dei
481 1575 650 1607 spreveras

217 1614 260 1645 Et
285 1614 427 1654 peccatis
453 1614 644 1651 offenderas,

220 1662 303 1694 Prae
329 1662 429 1694 oculis
455 1663 498 1694 sit
523 1663 639 1695 Maria.

219 1710 379 1742 Mandata
404 1710 526 1742 Christi
551 1711 666 1751 gratia.

220 1796 314 1828 Hanc
339 1796 528 1828 imitandam
556 1805 681 1837 censeo,

219 1846 318 1884 Quam
346 1845 566 1887 paenitentem
595 1845 700 1885 video,

217 1894 304 1934 Quae
327 1898 392 1926 tam
421 1893 516 1933 digne
542 1893 701 1934 paenituit

218 1942 261 1974 Et
283 1943 412 1974 veniam
437 1943 626 1982 promeruit.

218 2029 310 2061 Haec
335 2028 540 2061 abhorrendo
567 2029 703 2061 crimina

217 2078 357 2112 Simonis
383 2078 484 2110 intrat
510 2078 630 2110 limina.

218 2126 284 2159 Ubi
310 2125 494 2166 prandendi
521 2127 625 2166 gratia

216 2174 299 2206 Erat
326 2174 447 2207 Christi
473 2174 669 2214 praesentia.

216 2261 346 2301 Tristis,
373 2269 519 2292 maerens
546 2264 577 2292 et
603 2260 699 2292 anxia

217 2309 340 2342 Christi
365 2309 448 2350 petit
473 2309 620 2349 vestigia,

215 2357 288 2390 Non
316 2358 492 2398 desperans
520 2357 559 2389 de
587 2357 682 2389 venia

218 2406 302 2439 Vota
327 2404 436 2439 fundit
460 2406 606 2438 humilia.

886 1105 915 1136 7.

858 1798 912 1830 10.

856 2029 910 2062 11.

857 2261 910 2293 12.

941 1105 982 1136 Et
1012 1105 1223 1144 procumbens
1250 1106 1418 1137 uberrimis

942 1153 1055 1184 Abluit
1082 1154 1180 1192 pedes
1207 1154 1348 1185 lacrimis

942 1201 1091 1241 Fusoque
1117 1202 1204 1232 crine
1232 1202 1345 1241 capitis

942 1249 1052 1289 Tergit
1079 1250 1197 1281 osculis
1222 1251 1354 1283 additis

942 1336 1185 1375 Ingeminuntur
1212 1337 1330 1377 oscula,

941 1384 1084 1415 Instutur
1109 1394 1205 1424 preco
1233 1386 1353 1418 sedula.

940 1432 1135 1463 Peccatricis
1164 1433 1291 1464 devotio

941 1480 1011 1511 Hoc
1037 1484 1234 1512 monstratur
1260 1482 1424 1520 obsequio.

901 1594 907 1598 .
936 1567 1058 1598 Fundit
1085 1571 1279 1606 unguentum
1308 1568 1458 1606 pedibus,

936 1615 1023 1646 Linit
1051 1616 1174 1647 devotis
1202 1616 1357 1649 manibus,

936 1663 1034 1695 Cuius
1059 1664 1212 1695 odoribus
1242 1664 1331 1695 bonis

935 1711 1056 1743 Domus
1082 1711 1235 1751 impletur
1262 1713 1412 1746 Simonis,

942 1797 1030 1829 Haec
1057 1799 1153 1838 gemit
1181 1798 1265 1830 inter
1291 1799 1402 1837 epulas

940 1847 1119 1886 Precesque
1147 1845 1251 1877 fundit
1277 1848 1416 1881 sedulas,

940 1895 985 1927 Ut
1011 1894 1140 1926 mundet
1168 1894 1288 1926 Christi
1317 1896 1437 1933 gratia,

938 1943 1032 1981 Quod
1057 1943 1149 1973 timet
1175 1943 1381 1975 conscientia.

939 2029 1001 2060 Sed
1027 2029 1135 2061 Simon
1161 2029 1244 2060 hanc
1270 2030 1474 2069 conspiciens

936 2077 977 2108 Et
1003 2078 1089 2108 iutra
1115 2086 1148 2108 se
1176 2078 1356 2116 despiciens

936 2125 1039 2158 Dicit:
1068 2125 1094 2156 si
1121 2126 1280 2165 propheta
1306 2125 1388 2157 foret

936 2174 1009 2213 Hie,
1038 2183 1122 2205 ream
1150 2174 1212 2206 iam
1242 2180 1458 2215 cognosceret.

938 2260 1042 2292 Sciret
1069 2260 1196 2299 quidem
1223 2261 1390 2292 innumera

937 2309 1004 2340 lam
1031 2309 1221 2348 peccatricis
1248 2309 1382 2345 scelera,

937 2357 1006 2388 Nec
1031 2358 1073 2388 ad
1100 2366 1134 2388 se
1160 2357 1241 2390 hane
1267 2357 1420 2390 accedere

938 2405 1109 2437 Pateretur
1134 2410 1188 2437 aut
1215 2411 1356 2441 tangere.

1243 2461 1299 2490 19*
