1651 2680
674 93 910 129 -71-

648 190 708 222 Ad
745 190 936 223 Primam.

141 254 171 286 1.
199 254 285 297 Iesu,
312 255 409 287 decus
435 255 626 295 angelicum,
832 258 863 290 2.
893 257 1036 289 Virtutes
1062 257 1220 296 pueritiae

200 302 289 334 Dans
307 302 377 334 tuis
402 302 508 334 lumen
535 303 701 342 melicum,
892 305 991 343 Tuae,
1019 304 1108 336 cuius
1135 305 1271 337 deliciae

200 349 272 382 Lux
297 349 378 382 lucis
404 350 586 389 invisibilis,
896 352 976 384 Sunt
1001 361 1070 383 esse
1096 361 1166 384 cum
1192 350 1385 391 hominibus,

199 397 249 430 De
275 401 377 430 matre
402 401 496 430 natus
521 398 661 437 humilis,
892 400 959 431 Nos
986 400 1147 432 instruant
1174 399 1355 431 virtutibus.

523 466 554 499 3.
582 464 656 496 Tibi
682 466 808 498 Man‘ae
835 466 941 507 genito

578 513 656 545 Cum
684 518 776 554 patre
801 517 831 545 et
858 514 1014 554 paraclito

577 560 625 592 Sit
651 561 753 594 honor
778 565 809 593 et
836 562 971 593 victoria

578 609 614 640 In
641 610 838 650 sempiterna
863 609 976 650 gloria.

645 715 707 746 Ad
741 714 939 746 Tertiam.

142 791 173 823 1.
200 790 256 824 Uti
282 799 417 830 sponsus
445 790 485 822 de
511 790 598 829 regio
833 792 863 822 2.
892 790 1068 822 Exsultans
1096 791 1178 821 viam
1207 798 1346 830 currere,

200 838 363 871 Processit
390 838 503 870 matris
529 838 652 879 gremio
893 838 1064 869 Errantem
1092 846 1182 869 ovem
1209 846 1374 878 quaerore,

199 887 298 927 Gigas
324 889 458 918 naturae
483 886 628 926 geminae
894 886 939 918 Ut
964 885 1065 917 bonus
1092 891 1202 925 pastor
1228 886 1345 917 umeris

200 935 250 967 Ex
277 943 368 966 sacra
394 938 487 965 natus
515 934 647 976 virgine,
892 934 985 965 Hanc
1012 937 1193 973 reportaret
1219 934 1354 973 superis.

569 1002 600 1033 3.
628 1001 701 1033 Tibi
727 1001 852 1033 Mariae
878 1000 955 1034 fili0.

651 1107 712 1139 Ad
747 1106 928 1140 Sextam.

141 1185 172 1218 1.
199 1184 292 1216 Nunc
318 1183 480 1216 Christum
507 1182 583 1214 olim
610 1183 757 1222 patribus
830 1184 861 1215 2.
890 1184 1032 1222 Agamus
1059 1187 1165 1221 grates
1193 1183 1308 1222 iugiter

200 1232 394 1264 Promissum
422 1231 508 1262 Deus
535 1230 682 1270 gentibus
891 1231 967 1262 Cum
995 1229 1128 1270 angelis,
1155 1230 1207 1270 qui
1235 1230 1372 1261 dulciter

200 1280 317 1312 Notum
344 1278 421 1310 fecit
445 1277 649 1319 infantulum,
889 1279 925 1310 In
952 1278 1082 1309 summis
1110 1278 1220 1310 laudes
1248 1281 1400 1309 resonant

199 1328 295 1367 Ecce,
321 1328 353 1359 in
381 1327 470 1359 cunis
495 1327 675 1367 parvulum.
890 1326 1054 1366 Nobisque
1082 1336 1193 1365 pacem
1220 1327 1375 1357 intonant.

567 1396 598 1427 3.
627 1394 699 1426 Tibi
727 1394 852 1426 Mariae
879 1393 956 1426 filio.

655 1501 717 1533 Ad
751 1500 918 1534 Nonam.

147 1578 178 1612 1.
205 1578 264 1618 Qui
292 1577 497 1618 descendisti,
524 1577 671 1615 Domine,
835 1578 866 1609 2.
895 1576 1043 1608 Emunda
1070 1585 1127 1608 nos
1154 1587 1171 1608 a
1199 1577 1358 1612 sordibus,

202 1627 237 1658 In
265 1627 370 1659 alvum
397 1634 507 1657 sacrae
533 1624 682 1666 feminae,
894 1625 944 1656 Da
969 1625 1087 1656 nostris
1114 1634 1225 1665 pacem
1252 1625 1415 1664 cordibus,

200 1675 245 1708 Ut
270 1684 322 1707 ros
348 1675 381 1706 in
406 1674 513 1706 lanam
541 1673 680 1713 velleris,
894 1672 937 1705 Ut
965 1673 1185 1705 collaudantes
1212 1674 1334 1714 pariter

201 1724 284 1763 Iesu,
312 1723 381 1755 laus
405 1722 507 1754 nostri
534 1721 670 1762 generis,
895 1721 941 1752 Te
967 1721 1185 1760 hymnizemus
1212 1723 1337 1761 ingiter.

568 1791 599 1822 3.
627 1789 701 1821 Tibi
727 1788 853 1821 Mariae
879 1787 956 1822 filio.

626 1895 688 1927 Ad
723 1894 953 1934 Vesperas.

142 1973 172 2008 1.
202 1973 331 2008 Candor
356 1973 479 2005 aeterni
506 1971 637 2002 luminis
837 1972 868 2004 3.
895 1972 982 2010 Quae
1008 1971 1108 2002 traxit
1134 1976 1165 2002 te
1194 1972 1334 2009 dilectio,

198 2023 242 2055 Et
267 2022 336 2054 sine
362 2021 435 2053 labe
462 2019 641 2061 speculum,
896 2019 941 2052 Ut
968 2023 1108 2050 nostram
1137 2029 1263 2051 carnem
1290 2029 1445 2062 sumeres,

200 2071 322 2110 Fulgor
348 2069 451 2102 divini
477 2067 627 2107 numinis,
895 2068 982 2106 Quae
1010 2067 1085 2098 vicit
1110 2072 1141 2099 te
1167 2069 1356 2108 compassio,

198 2119 297 2152 Iubar
321 2119 489 2150 illustrans
516 2115 689 2158 saeculum,
896 2115 940 2148 Ut
965 2120 1067 2146 morte
1093 2125 1150 2148 nos
1177 2116 1377 2149 redimeres?

138 2188 171 2220 2.
199 2187 250 2220 Ex
276 2189 370 2227 patre
396 2189 470 2217 ante
497 2182 626 2215 saecula.
838 2185 869 2216 4.
898 2183 943 2214 Te
970 2186 1072 2223 cogat,
1099 2188 1133 2215 ut
1159 2185 1353 2224 perenniter,

199 2236 260 2276 Qui
284 2234 411 2276 genitus
438 2242 482 2271 es,
511 2231 658 2269 Domine,
897 2231 996 2270 Quem
1021 2231 1180 2264 nuntiavit
1205 2232 1349 2270 Gabriel,

201 2285 280 2316 Post
305 2286 484 2323 temporum
512 2278 674 2312 curricula
899 2278 966 2310 Nos
992 2287 1110 2317 serveS‚
1138 2285 1171 2312 ut
1199 2290 1282 2312 nunc
1308 2281 1425 2321 iugiter

200 2332 252 2365 Ex
278 2335 382 2364 matre
407 2333 502 2362 natus
529 2327 663 2367 virgine,
898 2326 1073 2359 Nobiscum
1100 2329 1154 2367 sis,
1183 2329 1350 2361 Emanuel.

572 2397 604 2427 5.
632 2394 706 2426 Iesu
731 2394 858 2427 Mariae
883 2393 960 2429 filio.
