1651 2680
686 75 945 112 —310—

513 191 580 222 285.
622 190 664 221 De
687 197 711 220 s.
734 187 886 220 Richardo
906 187 1108 220 Eboracensi.

169 285 199 317 1.
224 283 324 316 Dives
350 280 522 313 virtutibus

274 331 364 362 Dura
389 329 549 369 sustinuit,

229 379 357 411 Pollens
384 376 575 409 candoribus

275 428 320 460 Ut
346 434 418 457 rosa
444 424 561 464 rubuit,

226 475 290 506 Pro
315 482 451 513 sponsae
475 472 598 503 iuribus

274 523 412 554 vincens
438 520 596 559 occubuit,

224 571 367 610 Quinque
393 568 576 600 vulneribus

273 618 355 649 Dum
383 617 490 656 polum
516 615 606 647 adiit.

194 740 203 749 ,
229 712 380 744 scrobem
406 710 556 751 purificat

273 762 303 792 A
329 760 424 791 sorde
450 759 615 790 criminum

226 808 269 839 Et
295 817 423 846 scopam
449 807 576 837 ordinat

278 855 468 894 Sanguinem
494 854 669 894 proprium,

229 903 280 935 Sic
307 912 401 934 ruens
428 902 541 941 recipit

276 950 400 990 Rigoris
427 950 568 990 gladium

229 999 270 1029 Et
294 999 405 1038 procul
430 998 571 1038 propulit

276 1045 427 1084 Quodque
453 1045 622 1084 piaculum.

197 1167 203 1173 .
230 1142 307 1173 Post
333 1141 448 1171 donum
475 1140 608 1178 spiritus

278 1189 314 1220 In
340 1188 410 1218 luce
436 1188 592 1226 Cynthiae

232 1235 383 1267 Willelmi
410 1235 566 1274 praesulis

277 1283 433 1322 Fulgente
457 1282 568 1313 iubare

234 1331 293 1361 Est
320 1330 427 1370 palam
454 1330 612 1370 proditus,

277 1378 338 1409 Sed
366 1378 459 1408 nimis
485 1377 611 1414 callide,

233 1426 362 1464 Ligatus
388 1424 522 1457 nexibus

278 1473 393 1504 Mortis
420 1472 608 1504 dirissimae.

159 1606 173 1632 f
201 1604 218 1632 2
236 1568 343 1617 Horae)
364 1566 476 1593 B.M.V.
505 1574 561 1592 sec.
590 1574 674 1592 usum
701 1564 804 1591 Sarum
831 1572 906 1591 saec.
936 1563 978 1591 15.
1008 1566 1047 1591 in.

172 1627 177 1632 .
221 1626 226 1630 .
260 1619 297 1622 —-
327 1617 359 1635 ι»,

851 281 884 311 4.
910 280 949 312 In
976 278 1069 310 domo
1093 276 1226 316 propria

956 326 1130 358 Mitescens
1156 324 1291 364 sistitur,

911 374 976 409 Ubi
1001 373 1123 406 iustitia

959 421 1039 453 Dire
1064 419 1297 460 comprimitur,

911 470 1028 502 Iniusti
1051 469 1168 501 iudicis

959 526 1063 550 sermo
1089 516 1289 556 depromitur

912 565 987 598 Sine
1012 573 1176 603 responso.

957 613 1009 645 Sic
1034 620 1112 644 nece
1137 613 1299 652 plectitur.

880 735 886 742 .
913 707 1022 749 Virgo,
1050 716 1185 747 sponsus

959 759 991 787 et
1015 759 1126 796 pastor
1151 755 1272 795 populi,

910 804 1038 844 Martyr
1064 803 1194 835 vincens

960 851 1121 891 triumpho
1147 850 1257 892 nobili,

912 900 1021 931 Novus
1048 898 1130 931 Abel

958 947 1133 978 succedens
1161 947 1271 987 veteri,

911 996 1015 1027 Extra
1040 998 1166 1034 portam

956 1041 992 1072 fit
1019 1042 1112 1073 datus
1140 1041 1254 1074 funeri.

880 1162 886 1168 .
913 1137 1002 1170 Pelle
1025 1137 1161 1178 piacula,

961 1184 1075 1216 Pastor
1098 1184 1253 1224 piissime,

916 1235 982 1264 Iam
1008 1233 1077 1264 sine
1102 1231 1226 1263 macula

961 1280 1110 1319 Regnans
1135 1279 1340 1319 aequissime,

915 1327 1063 1359 Dissolve
1088 1327 1217 1358 vincula

965 1375 1047 1406 Litis
1073 1374 1294 1414 nequissimae,

912 1423 1064 1462 Astringe
1091 1421 1222 1454 foedera

961 1470 1053 1501 Pacis
1080 1470 1253 1509 piissimae.

499 1739 534 1765 V.
556 1738 612 1765 Pro
634 1738 719 1764 nobis
741 1745 801 1768 ora,
823 1745 1007 1771 quaesumus,

595 1775 748 1809 Richarde,
770 1779 880 1810 martyr
900 1776 1018 1810 Christi,

501 1816 535 1842 R.
556 1815 614 1849 Qui
635 1818 734 1850 petens
757 1815 884 1849 quinque
905 1815 1028 1842 vulnera

594 1856 717 1880 mortem
737 1853 892 1887 pertulisti.

159 1911 309 1940 Abschrift
328 1921 385 1939 von
407 1913 476 1939 Rev.
500 1912 535 1938 H.
556 1912 595 1938 M.
617 1911 783 1937 Bannister.

538 2042 603 2073 286.
644 2042 735 2072 Salus
757 2041 793 2072 de
812 2042 903 2072 heato
924 2042 1089 2082 Stephano.

179 2136 210 2166 1.
236 2133 399 2165 Passionis
423 2133 542 2165 Christi
568 2132 689 2172 primus

232 2181 356 2219 Testis,
382 2191 440 2220 pro
466 2181 528 2211 tuis
553 2179 678 2220 opimus

285 2230 484 2261 Intercessor
509 2227 663 2269 hostibus,

235 2277 406 2317 Stephane,
434 2276 516 2309 votis
542 2276 680 2308 accimus

234 2325 291 2361 Te.
319 2333 410 2365 quem
437 2324 626 2357 caelestibus
652 2325 768 2356 scimus

284 2373 474 2405 Laureatum
501 2373 640 2404 sedibus.

862 2134 893 2164 2.
921 2132 1017 2164 Cuius
1043 2133 1176 2173 lipsanis
1203 2133 1340 2167 inventis

921 2180 1085 2212 Sociorum
1110 2181 1304 2215 adiumentis

968 2229 1090 2261 Terrae
1116 2231 1211 2261 cessit
1236 2231 1382 2275 siccitas3

921 2276 998 2308 Tuis
1026 2277 1174 2308 laudibus
1201 2279 1334 2312 intentis

920 2324 1028 2356 Prosit
1053 2325 1116 2357 diei
1144 2329 1323 2365 praesentis

970 2371 1084 2404 Votiva
1111 2373 1322 2409 sollemnitas.

1096 1564 1156 1591 Cod
1178 1566 1321 1592 Oxonien.
1343 1565 1408 1592 Lat.
1430 1566 1474 1592 lit.

389 1603 406 1630 2
435 1605 499 1631 luce
526 1604 628 1630 zinzie.
651 1620 686 1623 —
710 1602 739 1635 4,
769 1601 787 1629 6
807 1611 878 1630 seua
898 1601 930 1638 [l]
951 1602 1139 1638 depromitur.
1161 1618 1197 1622 —
1218 1602 1252 1635 4,
1279 1603 1294 1630 7
1316 1603 1389 1630 fehlt
1409 1606 1475 1631 eine

160 1644 251 1672 Silbe.
274 1659 308 1662 -—
331 1642 356 1675 5,
380 1641 396 1669 7
411 1643 459 1669 Sic
481 1645 577 1675 extra3
600 1643 631 1667 in
649 1642 700 1668 der
713 1649 826 1676 ganzen
839 1639 865 1667 5.
881 1641 937 1668 Str.
953 1641 1174 1668 abweichendes
1189 1641 1324 1669 Metrum.
1338 1657 1376 1661 —
1389 1642 1474 1670 Nach

159 1682 224 1709 dem
246 1682 387 1708 Gedichte
408 1682 481 1716 t'olgt
502 1681 576 1707 noch
598 1680 709 1706 Versic.
731 1683 759 1706 et
779 1681 881 1714 Resp.:
