<?xml version="1.0" encoding="UTF-8"?>
<!DOCTYPE html PUBLIC "-//W3C//DTD XHTML 1.0 Transitional//EN"
    "http://www.w3.org/TR/xhtml1/DTD/xhtml1-transitional.dtd">
<html xmlns="http://www.w3.org/1999/xhtml" xml:lang="en" lang="en">
 <head>
  <title>
</title>
<meta http-equiv="Content-Type" content="text/html;charset=utf-8" />
  <meta name='ocr-system' content='tesseract 3.04.00' />
  <meta name='ocr-capabilities' content='ocr_page ocr_carea ocr_par ocr_line ocrx_word'/>
</head>
<body>
  <div class='ocr_page' id='page_1' title='image "./analectahymnica46drevuoft/analectahymnica46drevuoft_0336.png"; bbox 0 0 1651 2680; ppageno 0'>
   <div class='ocr_carea' id='block_1_1' title="bbox 677 85 938 122">
    <p class='ocr_par' dir='ltr' id='par_1_1' title="bbox 677 85 938 122">
     <span class='ocr_line' id='line_1_1' title="bbox 677 85 938 122; baseline 0 0"><span class='ocrx_word' id='word_1_1' title='bbox 677 85 844 122; x_wconf 86' lang='lat'><strong>—333</strong></span> <span class='ocrx_word' id='word_1_2' title='bbox 895 106 938 111; x_wconf 98' lang='lat'><strong>—</strong></span> 
     </span>
    </p>
   </div>
   <div class='ocr_carea' id='block_1_2' title="bbox 161 180 749 366">
    <p class='ocr_par' dir='ltr' id='par_1_2' title="bbox 161 180 749 366">
     <span class='ocr_line' id='line_1_2' title="bbox 161 180 657 224; baseline -0.002 -8"><span class='ocrx_word' id='word_1_3' title='bbox 161 182 217 217; x_wconf 86' lang='lat'>19.</span> <span class='ocrx_word' id='word_1_4' title='bbox 244 182 349 215; x_wconf 86' lang='lat' dir='ltr'>Iesum</span> <span class='ocrx_word' id='word_1_5' title='bbox 375 189 450 213; x_wconf 86' lang='lat' dir='ltr'>vere</span> <span class='ocrx_word' id='word_1_6' title='bbox 474 180 657 224; x_wconf 83' lang='lat' dir='ltr'><strong>baptizasti,</strong></span> 
     </span>
     <span class='ocr_line' id='line_1_3' title="bbox 243 229 749 275; baseline 0.004 -13"><span class='ocrx_word' id='word_1_7' title='bbox 243 229 393 262; x_wconf 87' lang='lat' dir='ltr'>Nondum</span> <span class='ocrx_word' id='word_1_8' title='bbox 417 231 512 262; x_wconf 86' lang='lat' dir='ltr'>natus</span> <span class='ocrx_word' id='word_1_9' title='bbox 538 232 749 275; x_wconf 86' lang='lat' dir='ltr'>prophetasti,</span> 
     </span>
     <span class='ocr_line' id='line_1_4' title="bbox 243 277 655 318; baseline 0 -8"><span class='ocrx_word' id='word_1_10' title='bbox 243 277 280 310; x_wconf 90' lang='lat' dir='ltr'>In</span> <span class='ocrx_word' id='word_1_11' title='bbox 304 277 425 310; x_wconf 86' lang='lat' dir='ltr'>virtute</span> <span class='ocrx_word' id='word_1_12' title='bbox 450 280 655 318; x_wconf 84' lang='lat' dir='ltr'>praecessisti</span> 
     </span>
     <span class='ocr_line' id='line_1_5' title="bbox 245 325 706 366; baseline 0.004 -8"><span class='ocrx_word' id='word_1_13' title='bbox 245 325 390 366; x_wconf 81' lang='lat' dir='ltr'>Eumque</span> <span class='ocrx_word' id='word_1_14' title='bbox 415 334 472 357; x_wconf 85' lang='lat' dir='ltr'>ore</span> <span class='ocrx_word' id='word_1_15' title='bbox 499 327 706 365; x_wconf 80' lang='lat' dir='ltr'>praedicasti.</span> 
     </span>
    </p>
   </div>
   <div class='ocr_carea' id='block_1_3' title="bbox 839 185 1417 226">
    <p class='ocr_par' dir='ltr' id='par_1_3' title="bbox 839 185 1417 226">
     <span class='ocr_line' id='line_1_6' title="bbox 839 185 1417 226; baseline 0 -8"><span class='ocrx_word' id='word_1_16' title='bbox 839 186 898 218; x_wconf 88' lang='grc'>20.</span> <span class='ocrx_word' id='word_1_17' title='bbox 924 185 1074 226; x_wconf 86' lang='lat' dir='ltr'>Apostoli</span> <span class='ocrx_word' id='word_1_18' title='bbox 1101 195 1210 218; x_wconf 91' lang='lat' dir='ltr'>omnes</span> <span class='ocrx_word' id='word_1_19' title='bbox 1236 186 1417 226; x_wconf 83' lang='lat' dir='ltr'>salvatoris,</span> 
     </span>
    </p>
   </div>
   <div class='ocr_carea' id='block_1_4' title="bbox 923 234 1471 372">
    <p class='ocr_par' dir='ltr' id='par_1_4' title="bbox 923 234 1471 372">
     <span class='ocr_line' id='line_1_7' title="bbox 923 234 1435 276; baseline 0 -11"><span class='ocrx_word' id='word_1_20' title='bbox 923 234 997 265; x_wconf 89' lang='lat' dir='ltr'>Iesu</span> <span class='ocrx_word' id='word_1_21' title='bbox 1024 234 1156 273; x_wconf 83' lang='lat' dir='ltr'>Christi,</span> <span class='ocrx_word' id='word_1_22' title='bbox 1182 235 1279 266; x_wconf 88' lang='lat' dir='ltr'>vestri</span> <span class='ocrx_word' id='word_1_23' title='bbox 1306 235 1435 276; x_wconf 79' lang='lat' dir='ltr'>amoris,</span> 
     </span>
     <span class='ocr_line' id='line_1_8' title="bbox 924 281 1415 323; baseline 0.002 -10"><span class='ocrx_word' id='word_1_24' title='bbox 924 281 986 313; x_wconf 90' lang='lat' dir='ltr'>Dei</span> <span class='ocrx_word' id='word_1_25' title='bbox 1009 282 1071 314; x_wconf 88' lang='lat' dir='ltr'>iam</span> <span class='ocrx_word' id='word_1_26' title='bbox 1098 291 1211 322; x_wconf 90' lang='lat' dir='ltr'>preces</span> <span class='ocrx_word' id='word_1_27' title='bbox 1237 284 1415 323; x_wconf 86' lang='lat' dir='ltr'>peccatoris</span> 
     </span>
     <span class='ocr_line' id='line_1_9' title="bbox 926 327 1471 372; baseline -0.002 -10"><span class='ocrx_word' id='word_1_28' title='bbox 926 327 1124 370; x_wconf 84' lang='lat' dir='ltr'>Conspectui</span> <span class='ocrx_word' id='word_1_29' title='bbox 1136 330 1247 362; x_wconf 78' lang='lat' dir='ltr'>offerte</span> <span class='ocrx_word' id='word_1_30' title='bbox 1257 330 1471 372; x_wconf 83' lang='lat' dir='ltr'>plasmatoris.</span> 
     </span>
    </p>
   </div>
   <div class='ocr_carea' id='block_1_5' title="bbox 389 402 1094 589">
    <p class='ocr_par' dir='ltr' id='par_1_5' title="bbox 389 402 1094 589">
     <span class='ocr_line' id='line_1_10' title="bbox 389 402 952 445; baseline 0.004 -11"><span class='ocrx_word' id='word_1_31' title='bbox 389 402 445 434; x_wconf 87' lang='lat'>21.</span> <span class='ocrx_word' id='word_1_32' title='bbox 474 403 591 435; x_wconf 82' lang='lat' dir='ltr'>Omnes</span> <span class='ocrx_word' id='word_1_33' title='bbox 618 413 743 445; x_wconf 86' lang='lat' dir='ltr'>quoque</span> <span class='ocrx_word' id='word_1_34' title='bbox 769 405 855 437; x_wconf 86' lang='lat' dir='ltr'>anici</span> <span class='ocrx_word' id='word_1_35' title='bbox 882 405 952 443; x_wconf 88' lang='lat' dir='ltr'>Dei,</span> 
     </span>
     <span class='ocr_line' id='line_1_11' title="bbox 472 450 1094 494; baseline 0.003 -12"><span class='ocrx_word' id='word_1_36' title='bbox 472 450 536 482; x_wconf 89' lang='lat' dir='ltr'>Pro</span> <span class='ocrx_word' id='word_1_37' title='bbox 562 461 612 483; x_wconf 92' lang='lat' dir='ltr'>me</span> <span class='ocrx_word' id='word_1_38' title='bbox 637 461 751 492; x_wconf 85' lang='lat' dir='ltr'>rogare</span> <span class='ocrx_word' id='word_1_39' title='bbox 778 453 880 485; x_wconf 89' lang='lat' dir='ltr'>Deum</span> <span class='ocrx_word' id='word_1_40' title='bbox 908 453 1094 494; x_wconf 79' lang='lat' dir='ltr'>dignamini,</span> 
     </span>
     <span class='ocr_line' id='line_1_12' title="bbox 474 498 968 542; baseline 0.004 -12"><span class='ocrx_word' id='word_1_41' title='bbox 474 498 589 531; x_wconf 81' lang='lat' dir='ltr'>Gratia</span> <span class='ocrx_word' id='word_1_42' title='bbox 614 500 685 542; x_wconf 85' lang='lat' dir='ltr'>illa,</span> <span class='ocrx_word' id='word_1_43' title='bbox 711 510 774 541; x_wconf 83' lang='lat' dir='ltr'>qua</span> <span class='ocrx_word' id='word_1_44' title='bbox 799 501 968 533; x_wconf 79' lang='lat' dir='ltr'>salvamini</span> 
     </span>
     <span class='ocr_line' id='line_1_13' title="bbox 474 547 938 589; baseline 0.009 -11"><span class='ocrx_word' id='word_1_45' title='bbox 474 547 510 578; x_wconf 91' lang='lat' dir='ltr'>In</span> <span class='ocrx_word' id='word_1_46' title='bbox 538 548 754 589; x_wconf 76' lang='lat' dir='ltr'>paradisoque</span> <span class='ocrx_word' id='word_1_47' title='bbox 778 549 938 582; x_wconf 87' lang='lat' dir='ltr'>locamini.</span> 
     </span>
    </p>
   </div>
   <div class='ocr_carea' id='block_1_6' title="bbox 224 626 1345 662">
    <p class='ocr_par' dir='ltr' id='par_1_6' title="bbox 224 626 1345 662">
     <span class='ocr_line' id='line_1_14' title="bbox 224 626 1345 662; baseline 0.004 -8"><span class='ocrx_word' id='word_1_48' title='bbox 224 626 306 654; x_wconf 85' lang='lat' dir='ltr'>Serm</span> <span class='ocrx_word' id='word_1_49' title='bbox 339 626 367 654; x_wconf 83' lang='lat' dir='ltr'>S.</span> <span class='ocrx_word' id='word_1_50' title='bbox 392 627 555 655; x_wconf 77' lang='lat' dir='ltr'>Bernlnardi</span> <span class='ocrx_word' id='word_1_51' title='bbox 580 637 655 656; x_wconf 84' lang='lat' dir='ltr'>saec.</span> <span class='ocrx_word' id='word_1_52' title='bbox 681 628 723 655; x_wconf 87' lang='lat'>15.</span> <span class='ocrx_word' id='word_1_53' title='bbox 766 628 836 656; x_wconf 86' lang='lat' dir='ltr'>Cod.</span> <span class='ocrx_word' id='word_1_54' title='bbox 859 631 996 657; x_wconf 83' lang='lat' dir='ltr'>Rossian.</span> <span class='ocrx_word' id='word_1_55' title='bbox 1019 630 1054 662; x_wconf 82' lang='lat' dir='ltr'>X,</span> <span class='ocrx_word' id='word_1_56' title='bbox 1077 628 1094 656; x_wconf 73' lang='lat'><em>8</em></span> <span class='ocrx_word' id='word_1_57' title='bbox 1117 630 1181 657; x_wconf 83' lang='lat' dir='ltr'>add.</span> <span class='ocrx_word' id='word_1_58' title='bbox 1205 639 1280 657; x_wconf 79' lang='lat' dir='ltr'>sace.</span> <span class='ocrx_word' id='word_1_59' title='bbox 1304 629 1345 659; x_wconf 79' lang='lat'>15.</span> 
     </span>
    </p>
   </div>
   <div class='ocr_carea' id='block_1_7' title="bbox 493 740 1139 782">
    <p class='ocr_par' dir='ltr' id='par_1_7' title="bbox 493 740 1139 782">
     <span class='ocr_line' id='line_1_15' title="bbox 493 740 1139 782; baseline 0.003 -12"><span class='ocrx_word' id='word_1_60' title='bbox 493 740 561 771; x_wconf 85' lang='lat'><strong>303.</strong></span> <span class='ocrx_word' id='word_1_61' title='bbox 602 740 644 771; x_wconf 86' lang='lat' dir='ltr'>De</span> <span class='ocrx_word' id='word_1_62' title='bbox 668 740 792 781; x_wconf 80' lang='lat' dir='ltr'>Septem</span> <span class='ocrx_word' id='word_1_63' title='bbox 816 740 912 772; x_wconf 82' lang='lat' dir='ltr'>Vitiis</span> <span class='ocrx_word' id='word_1_64' title='bbox 934 741 1139 782; x_wconf 77' lang='lat' dir='ltr'>capitalibus.</span> 
     </span>
    </p>
   </div>
   <div class='ocr_carea' id='block_1_8' title="bbox 165 820 742 1102">
    <p class='ocr_par' dir='ltr' id='par_1_8' title="bbox 165 820 721 1052">
     <span class='ocr_line' id='line_1_16' title="bbox 165 820 721 861; baseline -0.004 -7"><span class='ocrx_word' id='word_1_65' title='bbox 165 822 195 854; x_wconf 94' lang='lat'>1.</span> <span class='ocrx_word' id='word_1_66' title='bbox 222 820 358 852; x_wconf 85' lang='lat' dir='ltr'>Multam</span> <span class='ocrx_word' id='word_1_67' title='bbox 385 820 490 852; x_wconf 89' lang='lat' dir='ltr'>labem</span> <span class='ocrx_word' id='word_1_68' title='bbox 516 825 721 861; x_wconf 85' lang='lat' dir='ltr'>peccatorum</span> 
     </span>
     <span class='ocr_line' id='line_1_17' title="bbox 176 868 706 907; baseline 0.002 -7"><span class='ocrx_word' id='word_1_69' title='bbox 176 906 180 907; x_wconf 17' lang='lat'><em>⁷</em></span> <span class='ocrx_word' id='word_1_70' title='bbox 218 868 270 900; x_wconf 84' lang='lat' dir='ltr'>Ex</span> <span class='ocrx_word' id='word_1_71' title='bbox 297 873 446 900; x_wconf 84' lang='lat' dir='ltr'>contactu</span> <span class='ocrx_word' id='word_1_72' title='bbox 472 869 706 901; x_wconf 87' lang='lat' dir='ltr'>mundanorum</span> 
     </span>
     <span class='ocr_line' id='line_1_18' title="bbox 268 917 685 957; baseline -0.002 -9"><span class='ocrx_word' id='word_1_73' title='bbox 268 917 426 949; x_wconf 87' lang='lat' dir='ltr'>Mundani</span> <span class='ocrx_word' id='word_1_74' title='bbox 453 918 685 957; x_wconf 81' lang='lat' dir='ltr'>contraximus,</span> 
     </span>
     <span class='ocr_line' id='line_1_19' title="bbox 221 965 685 1005; baseline -0.002 -9"><span class='ocrx_word' id='word_1_75' title='bbox 221 965 425 996; x_wconf 87' lang='lat' dir='ltr'>Blandiendo</span> <span class='ocrx_word' id='word_1_76' title='bbox 451 974 530 1005; x_wconf 91' lang='lat' dir='ltr'>quos</span> <span class='ocrx_word' id='word_1_77' title='bbox 557 965 685 997; x_wconf 77' lang='lat' dir='ltr'>seduxit</span> 
     </span>
     <span class='ocr_line' id='line_1_20' title="bbox 219 1013 719 1052; baseline 0 -8"><span class='ocrx_word' id='word_1_78' title='bbox 219 1013 264 1045; x_wconf 82' lang='lat' dir='ltr'>Et</span> <span class='ocrx_word' id='word_1_79' title='bbox 287 1014 321 1045; x_wconf 84' lang='lat' dir='ltr'>in</span> <span class='ocrx_word' id='word_1_80' title='bbox 347 1013 474 1052; x_wconf 81' lang='lat' dir='ltr'>culpam</span> <span class='ocrx_word' id='word_1_81' title='bbox 500 1023 558 1045; x_wconf 86' lang='lat' dir='ltr'>nos</span> <span class='ocrx_word' id='word_1_82' title='bbox 585 1014 719 1045; x_wconf 82' lang='lat' dir='ltr'>adduxit</span> 
     </span>
    </p>

    <p class='ocr_par' dir='ltr' id='par_1_9' title="bbox 266 1061 742 1102">
     <span class='ocr_line' id='line_1_21' title="bbox 266 1061 742 1102; baseline 0.004 -9"><span class='ocrx_word' id='word_1_83' title='bbox 266 1062 417 1102; x_wconf 90' lang='lat' dir='ltr'>Mundus,</span> <span class='ocrx_word' id='word_1_84' title='bbox 447 1062 547 1093; x_wconf 85' lang='lat' dir='ltr'>hostis</span> <span class='ocrx_word' id='word_1_85' title='bbox 573 1061 742 1100; x_wconf 88' lang='lat' dir='ltr'>pessimus.</span> 
     </span>
    </p>
   </div>
   <div class='ocr_carea' id='block_1_9' title="bbox 160 1142 761 1416">
    <p class='ocr_par' dir='ltr' id='par_1_10' title="bbox 160 1142 761 1416">
     <span class='ocr_line' id='line_1_22' title="bbox 160 1142 691 1180; baseline -0.006 -4"><span class='ocrx_word' id='word_1_86' title='bbox 160 1144 192 1176; x_wconf 90' lang='lat'>2.</span> <span class='ocrx_word' id='word_1_87' title='bbox 220 1143 316 1174; x_wconf 86' lang='lat' dir='ltr'>Cuius</span> <span class='ocrx_word' id='word_1_88' title='bbox 342 1143 374 1174; x_wconf 93' lang='lat' dir='ltr'>in</span> <span class='ocrx_word' id='word_1_89' title='bbox 400 1152 434 1174; x_wconf 90' lang='lat' dir='ltr'>se</span> <span class='ocrx_word' id='word_1_90' title='bbox 459 1142 518 1175; x_wconf 90' lang='lat' dir='ltr'>flos</span> <span class='ocrx_word' id='word_1_91' title='bbox 546 1142 691 1180; x_wconf 83' lang='lat' dir='ltr'>defloret,</span> 
     </span>
     <span class='ocr_line' id='line_1_23' title="bbox 219 1190 723 1232; baseline -0.002 -9"><span class='ocrx_word' id='word_1_92' title='bbox 219 1190 283 1223; x_wconf 85' lang='lat' dir='ltr'>Sed</span> <span class='ocrx_word' id='word_1_93' title='bbox 309 1191 343 1222; x_wconf 90' lang='lat' dir='ltr'>in</span> <span class='ocrx_word' id='word_1_94' title='bbox 369 1191 460 1222; x_wconf 89' lang='lat' dir='ltr'>nobis</span> <span class='ocrx_word' id='word_1_95' title='bbox 487 1191 593 1222; x_wconf 83' lang='lat' dir='ltr'>adhuc</span> <span class='ocrx_word' id='word_1_96' title='bbox 620 1190 723 1232; x_wconf 85' lang='lat' dir='ltr'>floret,</span> 
     </span>
     <span class='ocr_line' id='line_1_24' title="bbox 272 1238 625 1272; baseline -0.003 0"><span class='ocrx_word' id='word_1_97' title='bbox 272 1239 369 1272; x_wconf 90' lang='lat' dir='ltr'>Cuius</span> <span class='ocrx_word' id='word_1_98' title='bbox 394 1238 452 1271; x_wconf 88' lang='lat' dir='ltr'>flos</span> <span class='ocrx_word' id='word_1_99' title='bbox 478 1240 625 1271; x_wconf 85' lang='lat' dir='ltr'>ariditas.</span> 
     </span>
     <span class='ocr_line' id='line_1_25' title="bbox 220 1286 761 1327; baseline -0.002 -8"><span class='ocrx_word' id='word_1_100' title='bbox 220 1287 306 1326; x_wconf 84' lang='lat' dir='ltr'>Quae</span> <span class='ocrx_word' id='word_1_101' title='bbox 332 1297 395 1327; x_wconf 86' lang='lat' dir='ltr'>pax</span> <span class='ocrx_word' id='word_1_102' title='bbox 423 1288 533 1320; x_wconf 89' lang='lat' dir='ltr'>mundi</span> <span class='ocrx_word' id='word_1_103' title='bbox 559 1287 620 1320; x_wconf 90' lang='lat' dir='ltr'>nisi</span> <span class='ocrx_word' id='word_1_104' title='bbox 646 1286 761 1319; x_wconf 86' lang='lat' dir='ltr'>fluctus</span> 
     </span>
     <span class='ocr_line' id='line_1_26' title="bbox 222 1335 716 1377; baseline 0 -11"><span class='ocrx_word' id='word_1_105' title='bbox 222 1335 279 1367; x_wconf 91' lang='lat' dir='ltr'>Vel</span> <span class='ocrx_word' id='word_1_106' title='bbox 306 1336 376 1375; x_wconf 87' lang='lat' dir='ltr'>quis</span> <span class='ocrx_word' id='word_1_107' title='bbox 402 1336 484 1368; x_wconf 88' lang='lat' dir='ltr'>risus</span> <span class='ocrx_word' id='word_1_108' title='bbox 511 1336 571 1367; x_wconf 87' lang='lat' dir='ltr'>nisi</span> <span class='ocrx_word' id='word_1_109' title='bbox 600 1336 716 1377; x_wconf 76' lang='lat' dir='ltr'>luctus,</span> 
     </span>
     <span class='ocr_line' id='line_1_27' title="bbox 269 1382 694 1416; baseline -0.005 0"><span class='ocrx_word' id='word_1_110' title='bbox 269 1384 367 1416; x_wconf 88' lang='lat' dir='ltr'>Cuius</span> <span class='ocrx_word' id='word_1_111' title='bbox 396 1382 518 1416; x_wconf 86' lang='lat' dir='ltr'>fruetus</span> <span class='ocrx_word' id='word_1_112' title='bbox 544 1383 694 1416; x_wconf 77' lang='lat' dir='ltr'>vanitas?</span> 
     </span>
    </p>
   </div>
   <div class='ocr_carea' id='block_1_10' title="bbox 163 1465 782 1746">
    <p class='ocr_par' dir='ltr' id='par_1_11' title="bbox 163 1465 782 1602">
     <span class='ocr_line' id='line_1_28' title="bbox 163 1465 782 1506; baseline -0.005 -7"><span class='ocrx_word' id='word_1_113' title='bbox 163 1467 196 1499; x_wconf 85' lang='lat'>3.</span> <span class='ocrx_word' id='word_1_114' title='bbox 224 1466 306 1504; x_wconf 83' lang='lat' dir='ltr'>Quid</span> <span class='ocrx_word' id='word_1_115' title='bbox 322 1469 369 1496; x_wconf 86' lang='lat' dir='ltr'>est</span> <span class='ocrx_word' id='word_1_116' title='bbox 385 1465 506 1504; x_wconf 89' lang='lat' dir='ltr'>mundi,</span> <span class='ocrx_word' id='word_1_117' title='bbox 521 1465 605 1505; x_wconf 92' lang='lat' dir='ltr'>quod</span> <span class='ocrx_word' id='word_1_118' title='bbox 616 1466 657 1497; x_wconf 91' lang='lat' dir='ltr'>sit</span> <span class='ocrx_word' id='word_1_119' title='bbox 668 1468 782 1506; x_wconf 83' lang='lat' dir='ltr'>tutum,</span> 
     </span>
     <span class='ocr_line' id='line_1_29' title="bbox 221 1513 749 1553; baseline -0.002 -8"><span class='ocrx_word' id='word_1_120' title='bbox 221 1515 281 1545; x_wconf 88' lang='lat' dir='ltr'>Vel</span> <span class='ocrx_word' id='word_1_121' title='bbox 305 1523 386 1553; x_wconf 84' lang='lat' dir='ltr'>quae</span> <span class='ocrx_word' id='word_1_122' title='bbox 412 1522 536 1553; x_wconf 83' lang='lat' dir='ltr'>gemma</span> <span class='ocrx_word' id='word_1_123' title='bbox 562 1513 623 1544; x_wconf 88' lang='lat' dir='ltr'>nisi</span> <span class='ocrx_word' id='word_1_124' title='bbox 648 1513 749 1545; x_wconf 90' lang='lat' dir='ltr'>lutum</span> 
     </span>
     <span class='ocr_line' id='line_1_30' title="bbox 268 1560 690 1602; baseline -0.005 -8"><span class='ocrx_word' id='word_1_125' title='bbox 268 1562 327 1594; x_wconf 93' lang='lat' dir='ltr'>Vel</span> <span class='ocrx_word' id='word_1_126' title='bbox 353 1561 430 1602; x_wconf 88' lang='lat' dir='ltr'>quid</span> <span class='ocrx_word' id='word_1_127' title='bbox 456 1562 522 1593; x_wconf 89' lang='lat' dir='ltr'>eius</span> <span class='ocrx_word' id='word_1_128' title='bbox 548 1560 690 1593; x_wconf 76' lang='lat' dir='ltr'>stabile?</span> 
     </span>
    </p>

    <p class='ocr_par' dir='ltr' id='par_1_12' title="bbox 221 1610 768 1746">
     <span class='ocr_line' id='line_1_31' title="bbox 223 1610 768 1652; baseline -0.002 -10"><span class='ocrx_word' id='word_1_129' title='bbox 223 1610 256 1642; x_wconf 89' lang='lat' dir='ltr'>Si</span> <span class='ocrx_word' id='word_1_130' title='bbox 283 1610 360 1651; x_wconf 86' lang='lat' dir='ltr'>quid</span> <span class='ocrx_word' id='word_1_131' title='bbox 389 1610 493 1647; x_wconf 83' lang='lat' dir='ltr'>dulce,</span> <span class='ocrx_word' id='word_1_132' title='bbox 522 1611 617 1641; x_wconf 87' lang='lat' dir='ltr'>durat</span> <span class='ocrx_word' id='word_1_133' title='bbox 642 1619 768 1652; x_wconf 82' lang='lat' dir='ltr'>parum,</span> 
     </span>
     <span class='ocr_line' id='line_1_32' title="bbox 221 1659 723 1700; baseline -0.002 -10"><span class='ocrx_word' id='word_1_134' title='bbox 221 1659 280 1690; x_wconf 91' lang='lat' dir='ltr'>Vel</span> <span class='ocrx_word' id='word_1_135' title='bbox 306 1659 333 1690; x_wconf 84' lang='lat' dir='ltr'>si</span> <span class='ocrx_word' id='word_1_136' title='bbox 362 1659 467 1698; x_wconf 84' lang='lat' dir='ltr'>durat,</span> <span class='ocrx_word' id='word_1_137' title='bbox 495 1662 542 1689; x_wconf 90' lang='lat' dir='ltr'>est</span> <span class='ocrx_word' id='word_1_138' title='bbox 569 1667 723 1700; x_wconf 82' lang='lat' dir='ltr'>amarum,</span> 
     </span>
     <span class='ocr_line' id='line_1_33' title="bbox 248 1706 590 1746; baseline -0.009 -6"><span class='ocrx_word' id='word_1_139' title='bbox 248 1708 328 1746; x_wconf 82' lang='lat' dir='ltr'>Quia</span> <span class='ocrx_word' id='word_1_140' title='bbox 354 1710 454 1738; x_wconf 84' lang='lat' dir='ltr'>totum</span> <span class='ocrx_word' id='word_1_141' title='bbox 482 1706 590 1738; x_wconf 88' lang='lat' dir='ltr'>labile.</span> 
     </span>
    </p>
   </div>
   <div class='ocr_carea' id='block_1_11' title="bbox 161 1789 696 2064">
    <p class='ocr_par' dir='ltr' id='par_1_13' title="bbox 161 1789 696 2064">
     <span class='ocr_line' id='line_1_34' title="bbox 161 1789 696 1827; baseline -0.006 -5"><span class='ocrx_word' id='word_1_142' title='bbox 161 1792 195 1823; x_wconf 87' lang='lat'>4.</span> <span class='ocrx_word' id='word_1_143' title='bbox 223 1789 320 1821; x_wconf 90' lang='lat' dir='ltr'>Cuius</span> <span class='ocrx_word' id='word_1_144' title='bbox 346 1789 449 1821; x_wconf 88' lang='lat' dir='ltr'>honor</span> <span class='ocrx_word' id='word_1_145' title='bbox 475 1792 523 1820; x_wconf 82' lang='lat' dir='ltr'>est</span> <span class='ocrx_word' id='word_1_146' title='bbox 550 1789 583 1820; x_wconf 91' lang='lat' dir='ltr'>in</span> <span class='ocrx_word' id='word_1_147' title='bbox 610 1797 696 1827; x_wconf 79' lang='lat' dir='ltr'>casu,</span> 
     </span>
     <span class='ocr_line' id='line_1_35' title="bbox 222 1836 675 1875; baseline -0.004 -5"><span class='ocrx_word' id='word_1_148' title='bbox 222 1838 318 1870; x_wconf 87' lang='lat' dir='ltr'>Cuius</span> <span class='ocrx_word' id='word_1_149' title='bbox 346 1837 463 1870; x_wconf 89' lang='lat' dir='ltr'>bonum</span> <span class='ocrx_word' id='word_1_150' title='bbox 489 1836 520 1868; x_wconf 92' lang='lat' dir='ltr'>in</span> <span class='ocrx_word' id='word_1_151' title='bbox 549 1845 675 1875; x_wconf 84' lang='lat' dir='ltr'>occasu,</span> 
     </span>
     <span class='ocr_line' id='line_1_36' title="bbox 269 1885 632 1926; baseline -0.008 -8"><span class='ocrx_word' id='word_1_152' title='bbox 269 1886 428 1918; x_wconf 86' lang='lat' dir='ltr'>Voluntas</span> <span class='ocrx_word' id='word_1_153' title='bbox 454 1887 485 1917; x_wconf 94' lang='lat' dir='ltr'>in</span> <span class='ocrx_word' id='word_1_154' title='bbox 512 1885 632 1926; x_wconf 68' lang='lat' dir='ltr'>taedio,</span> 
     </span>
     <span class='ocr_line' id='line_1_37' title="bbox 221 1934 658 1970; baseline -0.007 -3"><span class='ocrx_word' id='word_1_155' title='bbox 221 1934 319 1968; x_wconf 91' lang='lat' dir='ltr'>Cuius</span> <span class='ocrx_word' id='word_1_156' title='bbox 345 1943 436 1966; x_wconf 84' lang='lat' dir='ltr'>amor</span> <span class='ocrx_word' id='word_1_157' title='bbox 461 1937 509 1966; x_wconf 74' lang='lat' dir='ltr'>est</span> <span class='ocrx_word' id='word_1_158' title='bbox 535 1937 658 1970; x_wconf 82' lang='lat' dir='ltr'>catena,</span> 
     </span>
     <span class='ocr_line' id='line_1_38' title="bbox 222 1982 685 2023; baseline 0 -9"><span class='ocrx_word' id='word_1_159' title='bbox 222 1983 299 2016; x_wconf 74' lang='lat' dir='ltr'>Vita</span> <span class='ocrx_word' id='word_1_160' title='bbox 324 1983 427 2022; x_wconf 83' lang='lat' dir='ltr'>labor,</span> <span class='ocrx_word' id='word_1_161' title='bbox 455 1982 545 2023; x_wconf 90' lang='lat' dir='ltr'>quies</span> <span class='ocrx_word' id='word_1_162' title='bbox 571 1991 685 2022; x_wconf 82' lang='lat' dir='ltr'>poena,</span> 
     </span>
     <span class='ocr_line' id='line_1_39' title="bbox 269 2031 598 2064; baseline -0.006 0"><span class='ocrx_word' id='word_1_163' title='bbox 269 2031 382 2064; x_wconf 87' lang='lat' dir='ltr'>Ludus</span> <span class='ocrx_word' id='word_1_164' title='bbox 404 2035 453 2062; x_wconf 88' lang='lat' dir='ltr'>est</span> <span class='ocrx_word' id='word_1_165' title='bbox 478 2031 598 2063; x_wconf 87' lang='lat' dir='ltr'>illusio.</span> 
     </span>
    </p>
   </div>
   <div class='ocr_carea' id='block_1_12' title="bbox 164 2154 788 2431">
    <p class='ocr_par' dir='ltr' id='par_1_14' title="bbox 164 2154 788 2431">
     <span class='ocr_line' id='line_1_40' title="bbox 164 2154 788 2197; baseline -0.008 -7"><span class='ocrx_word' id='word_1_166' title='bbox 164 2159 197 2192; x_wconf 90' lang='lat'>5.</span> <span class='ocrx_word' id='word_1_167' title='bbox 226 2157 322 2190; x_wconf 89' lang='lat' dir='ltr'>Hunc</span> <span class='ocrx_word' id='word_1_168' title='bbox 349 2156 485 2197; x_wconf 84' lang='lat' dir='ltr'>deludit,</span> <span class='ocrx_word' id='word_1_169' title='bbox 512 2165 583 2187; x_wconf 88' lang='lat' dir='ltr'>cum</span> <span class='ocrx_word' id='word_1_170' title='bbox 610 2163 672 2195; x_wconf 91' lang='lat' dir='ltr'>quo</span> <span class='ocrx_word' id='word_1_171' title='bbox 694 2154 788 2194; x_wconf 90' lang='lat' dir='ltr'>ludit,</span> 
     </span>
     <span class='ocr_line' id='line_1_41' title="bbox 227 2202 774 2245; baseline -0.007 -7"><span class='ocrx_word' id='word_1_172' title='bbox 227 2205 272 2238; x_wconf 89' lang='lat' dir='ltr'>Et</span> <span class='ocrx_word' id='word_1_173' title='bbox 296 2213 390 2245; x_wconf 85' lang='lat' dir='ltr'>quem</span> <span class='ocrx_word' id='word_1_174' title='bbox 414 2205 517 2245; x_wconf 83' lang='lat' dir='ltr'>ungit,</span> <span class='ocrx_word' id='word_1_175' title='bbox 541 2205 631 2237; x_wconf 87' lang='lat' dir='ltr'>illum</span> <span class='ocrx_word' id='word_1_176' title='bbox 659 2202 774 2243; x_wconf 84' lang='lat' dir='ltr'>pungit</span> 
     </span>
     <span class='ocr_line' id='line_1_42' title="bbox 275 2252 663 2290; baseline -0.008 -5"><span class='ocrx_word' id='word_1_177' title='bbox 275 2252 451 2285; x_wconf 88' lang='lat' dir='ltr'>Adulando</span> <span class='ocrx_word' id='word_1_178' title='bbox 478 2252 663 2290; x_wconf 84' lang='lat' dir='ltr'>verberans,</span> 
     </span>
     <span class='ocr_line' id='line_1_43' title="bbox 226 2300 700 2340; baseline -0.011 -6"><span class='ocrx_word' id='word_1_179' title='bbox 226 2301 440 2340; x_wconf 83' lang='lat' dir='ltr'>Novercatur,</span> <span class='ocrx_word' id='word_1_180' title='bbox 468 2310 538 2333; x_wconf 91' lang='lat' dir='ltr'>cum</span> <span class='ocrx_word' id='word_1_181' title='bbox 566 2300 700 2336; x_wconf 80' lang='lat' dir='ltr'>arridet,</span> 
     </span>
     <span class='ocr_line' id='line_1_44' title="bbox 227 2346 742 2391; baseline -0.004 -9"><span class='ocrx_word' id='word_1_182' title='bbox 227 2349 272 2382; x_wconf 92' lang='lat' dir='ltr'>Et</span> <span class='ocrx_word' id='word_1_183' title='bbox 300 2348 477 2391; x_wconf 86' lang='lat' dir='ltr'>blanditur,</span> <span class='ocrx_word' id='word_1_184' title='bbox 505 2358 576 2381; x_wconf 90' lang='lat' dir='ltr'>cum</span> <span class='ocrx_word' id='word_1_185' title='bbox 605 2346 742 2390; x_wconf 84' lang='lat' dir='ltr'>deridet,</span> 
     </span>
     <span class='ocr_line' id='line_1_45' title="bbox 275 2397 691 2431; baseline -0.002 -1"><span class='ocrx_word' id='word_1_186' title='bbox 275 2397 482 2431; x_wconf 85' lang='lat' dir='ltr'>Blandiendo</span> <span class='ocrx_word' id='word_1_187' title='bbox 508 2397 691 2429; x_wconf 84' lang='lat' dir='ltr'>vulneranS.</span> 
     </span>
    </p>
   </div>
   <div class='ocr_carea' id='block_1_13' title="bbox 868 822 1476 1102">
    <p class='ocr_par' dir='ltr' id='par_1_15' title="bbox 868 822 1476 1102">
     <span class='ocr_line' id='line_1_46' title="bbox 868 822 1431 860; baseline -0.002 -6"><span class='ocrx_word' id='word_1_188' title='bbox 868 823 899 854; x_wconf 85' lang='lat'>6.</span> <span class='ocrx_word' id='word_1_189' title='bbox 918 822 1015 853; x_wconf 86' lang='lat' dir='ltr'>Multi</span> <span class='ocrx_word' id='word_1_190' title='bbox 1041 827 1147 854; x_wconf 89' lang='lat' dir='ltr'>tamen</span> <span class='ocrx_word' id='word_1_191' title='bbox 1174 822 1256 854; x_wconf 84' lang='lat' dir='ltr'>hunc</span> <span class='ocrx_word' id='word_1_192' title='bbox 1283 823 1431 860; x_wconf 86' lang='lat' dir='ltr'>adorant,</span> 
     </span>
     <span class='ocr_line' id='line_1_47' title="bbox 916 871 1476 911; baseline 0 -11"><span class='ocrx_word' id='word_1_193' title='bbox 916 871 1066 908; x_wconf 83' lang='lat' dir='ltr'>Quamvis</span> <span class='ocrx_word' id='word_1_194' title='bbox 1081 871 1177 911; x_wconf 78' lang='lat' dir='ltr'>istud,</span> <span class='ocrx_word' id='word_1_195' title='bbox 1194 871 1276 910; x_wconf 86' lang='lat' dir='ltr'>quod</span> <span class='ocrx_word' id='word_1_196' title='bbox 1292 871 1476 911; x_wconf 79' lang='lat' dir='ltr'>implorant,</span> 
     </span>
     <span class='ocr_line' id='line_1_48' title="bbox 964 918 1375 958; baseline -0.002 -9"><span class='ocrx_word' id='word_1_197' title='bbox 964 919 1051 950; x_wconf 84' lang='lat' dir='ltr'>Raro</span> <span class='ocrx_word' id='word_1_198' title='bbox 1078 922 1211 957; x_wconf 85' lang='lat' dir='ltr'>possunt</span> <span class='ocrx_word' id='word_1_199' title='bbox 1237 918 1375 958; x_wconf 74' lang='lat' dir='ltr'>assequi,</span> 
     </span>
     <span class='ocr_line' id='line_1_49' title="bbox 916 965 1429 997; baseline -0.002 0"><span class='ocrx_word' id='word_1_200' title='bbox 916 965 999 997; x_wconf 83' lang='lat' dir='ltr'>Nam</span> <span class='ocrx_word' id='word_1_201' title='bbox 1027 966 1178 997; x_wconf 82' lang='lat' dir='ltr'>labuntur</span> <span class='ocrx_word' id='word_1_202' title='bbox 1204 975 1273 997; x_wconf 88' lang='lat' dir='ltr'>cum</span> <span class='ocrx_word' id='word_1_203' title='bbox 1301 965 1429 997; x_wconf 80' lang='lat' dir='ltr'>labente</span> 
     </span>
     <span class='ocr_line' id='line_1_50' title="bbox 917 1013 1395 1045; baseline 0 -1"><span class='ocrx_word' id='word_1_204' title='bbox 917 1013 959 1044; x_wconf 84' lang='lat' dir='ltr'>Et</span> <span class='ocrx_word' id='word_1_205' title='bbox 984 1014 1136 1045; x_wconf 79' lang='lat' dir='ltr'>cadentes</span> <span class='ocrx_word' id='word_1_206' title='bbox 1163 1024 1233 1044; x_wconf 81' lang='lat' dir='ltr'>cum</span> <span class='ocrx_word' id='word_1_207' title='bbox 1260 1015 1395 1045; x_wconf 81' lang='lat' dir='ltr'>cadente</span> 
     </span>
     <span class='ocr_line' id='line_1_51' title="bbox 965 1061 1375 1102; baseline -0.005 -9"><span class='ocrx_word' id='word_1_208' title='bbox 965 1061 1053 1093; x_wconf 82' lang='lat' dir='ltr'>Nihil</span> <span class='ocrx_word' id='word_1_209' title='bbox 1081 1063 1187 1093; x_wconf 79' lang='lat' dir='ltr'>valent</span> <span class='ocrx_word' id='word_1_210' title='bbox 1215 1061 1375 1102; x_wconf 79' lang='lat' dir='ltr'>consequi,</span> 
     </span>
    </p>
   </div>
   <div class='ocr_carea' id='block_1_14' title="bbox 868 1143 1480 1415">
    <p class='ocr_par' dir='ltr' id='par_1_16' title="bbox 868 1143 1480 1415">
     <span class='ocr_line' id='line_1_52' title="bbox 868 1143 1480 1183; baseline -0.003 -7"><span class='ocrx_word' id='word_1_211' title='bbox 868 1145 898 1176; x_wconf 82' lang='lat'>7.</span> <span class='ocrx_word' id='word_1_212' title='bbox 914 1144 1052 1182; x_wconf 90' lang='lat' dir='ltr'>Quorum</span> <span class='ocrx_word' id='word_1_213' title='bbox 1062 1144 1190 1183; x_wconf 87' lang='lat' dir='ltr'>quidam</span> <span class='ocrx_word' id='word_1_214' title='bbox 1200 1152 1360 1175; x_wconf 92' lang='lat' dir='ltr'>nummum</span> <span class='ocrx_word' id='word_1_215' title='bbox 1371 1143 1480 1175; x_wconf 86' lang='lat' dir='ltr'>colunt</span> 
     </span>
     <span class='ocr_line' id='line_1_53' title="bbox 914 1191 1323 1224; baseline 0.002 -3"><span class='ocrx_word' id='word_1_216' title='bbox 914 1191 957 1222; x_wconf 84' lang='lat' dir='ltr'>Et</span> <span class='ocrx_word' id='word_1_217' title='bbox 983 1191 1086 1222; x_wconf 83' lang='lat' dir='ltr'>eidem</span> <span class='ocrx_word' id='word_1_218' title='bbox 1113 1192 1189 1223; x_wconf 83' lang='lat' dir='ltr'>dare</span> <span class='ocrx_word' id='word_1_219' title='bbox 1215 1192 1323 1224; x_wconf 91' lang='lat' dir='ltr'>volunt</span> 
     </span>
     <span class='ocr_line' id='line_1_54' title="bbox 962 1239 1390 1279; baseline -0.002 -8"><span class='ocrx_word' id='word_1_220' title='bbox 962 1239 1089 1271; x_wconf 89' lang='lat' dir='ltr'>Cultum</span> <span class='ocrx_word' id='word_1_221' title='bbox 1117 1240 1185 1271; x_wconf 89' lang='lat' dir='ltr'>Deo</span> <span class='ocrx_word' id='word_1_222' title='bbox 1212 1240 1390 1279; x_wconf 87' lang='lat' dir='ltr'>proprium,</span> 
     </span>
     <span class='ocr_line' id='line_1_55' title="bbox 912 1287 1315 1319; baseline 0 -1"><span class='ocrx_word' id='word_1_223' title='bbox 912 1287 1117 1319; x_wconf 84' lang='lat' dir='ltr'>Venerantur</span> <span class='ocrx_word' id='word_1_224' title='bbox 1143 1288 1315 1319; x_wconf 69' lang='lat' dir='ltr'>vanitatem</span> 
     </span>
     <span class='ocr_line' id='line_1_56' title="bbox 913 1335 1320 1367; baseline 0 -1"><span class='ocrx_word' id='word_1_225' title='bbox 913 1335 957 1366; x_wconf 88' lang='lat' dir='ltr'>Et</span> <span class='ocrx_word' id='word_1_226' title='bbox 985 1335 1125 1367; x_wconf 84' lang='lat' dir='ltr'>divinam</span> <span class='ocrx_word' id='word_1_227' title='bbox 1154 1337 1320 1367; x_wconf 80' lang='lat' dir='ltr'>veritatem</span> 
     </span>
     <span class='ocr_line' id='line_1_57' title="bbox 964 1384 1396 1415; baseline 0.002 -2"><span class='ocrx_word' id='word_1_228' title='bbox 964 1384 1100 1415; x_wconf 83' lang='lat' dir='ltr'>vertunt</span> <span class='ocrx_word' id='word_1_229' title='bbox 1127 1385 1158 1415; x_wconf 93' lang='lat' dir='ltr'>in</span> <span class='ocrx_word' id='word_1_230' title='bbox 1186 1384 1396 1415; x_wconf 80' lang='lat' dir='ltr'>mendacium.</span> 
     </span>
    </p>
   </div>
   <div class='ocr_carea' id='block_1_15' title="bbox 869 1465 1481 1746">
    <p class='ocr_par' dir='ltr' id='par_1_17' title="bbox 869 1465 1481 1746">
     <span class='ocr_line' id='line_1_58' title="bbox 869 1465 1476 1504; baseline -0.007 -7"><span class='ocrx_word' id='word_1_231' title='bbox 869 1465 900 1498; x_wconf 89' lang='lat'>8.</span> <span class='ocrx_word' id='word_1_232' title='bbox 916 1465 982 1496; x_wconf 88' lang='lat' dir='ltr'>Iam</span> <span class='ocrx_word' id='word_1_233' title='bbox 1011 1466 1064 1504; x_wconf 88' lang='lat' dir='ltr'>qui</span> <span class='ocrx_word' id='word_1_234' title='bbox 1091 1474 1253 1496; x_wconf 89' lang='lat' dir='ltr'>nummum</span> <span class='ocrx_word' id='word_1_235' title='bbox 1272 1467 1476 1504; x_wconf 85' lang='lat' dir='ltr'>venerantur,</span> 
     </span>
     <span class='ocr_line' id='line_1_59' title="bbox 914 1513 1479 1552; baseline -0.002 -8"><span class='ocrx_word' id='word_1_236' title='bbox 914 1513 1008 1544; x_wconf 90' lang='lat' dir='ltr'>Hunc</span> <span class='ocrx_word' id='word_1_237' title='bbox 1027 1513 1176 1551; x_wconf 80' lang='lat' dir='ltr'>adorant,</span> <span class='ocrx_word' id='word_1_238' title='bbox 1198 1513 1280 1544; x_wconf 84' lang='lat' dir='ltr'>hunc</span> <span class='ocrx_word' id='word_1_239' title='bbox 1295 1515 1479 1552; x_wconf 81' lang='lat' dir='ltr'>precantur,</span> 
     </span>
     <span class='ocr_line' id='line_1_60' title="bbox 964 1561 1326 1601; baseline -0.006 -7"><span class='ocrx_word' id='word_1_240' title='bbox 964 1561 1016 1594; x_wconf 89' lang='lat' dir='ltr'>Illi</span> <span class='ocrx_word' id='word_1_241' title='bbox 1043 1562 1147 1592; x_wconf 63' lang='lat' dir='ltr'>cultus</span> <span class='ocrx_word' id='word_1_242' title='bbox 1173 1561 1326 1601; x_wconf 78' lang='lat' dir='ltr'>solvitur3</span> 
     </span>
     <span class='ocr_line' id='line_1_61' title="bbox 915 1610 1415 1649; baseline 0 -8"><span class='ocrx_word' id='word_1_243' title='bbox 915 1610 1056 1649; x_wconf 85' lang='lat' dir='ltr'>Quorum</span> <span class='ocrx_word' id='word_1_244' title='bbox 1086 1610 1171 1641; x_wconf 80' lang='lat' dir='ltr'>Deus</span> <span class='ocrx_word' id='word_1_245' title='bbox 1199 1615 1246 1641; x_wconf 87' lang='lat' dir='ltr'>est</span> <span class='ocrx_word' id='word_1_246' title='bbox 1271 1610 1305 1640; x_wconf 84' lang='lat' dir='ltr'>in</span> <span class='ocrx_word' id='word_1_247' title='bbox 1328 1618 1415 1647; x_wconf 78' lang='lat' dir='ltr'>arca,</span> 
     </span>
     <span class='ocr_line' id='line_1_62' title="bbox 919 1657 1481 1697; baseline 0.002 -9"><span class='ocrx_word' id='word_1_248' title='bbox 919 1657 991 1689; x_wconf 90' lang='lat' dir='ltr'>Non</span> <span class='ocrx_word' id='word_1_249' title='bbox 1019 1658 1051 1689; x_wconf 91' lang='lat' dir='ltr'>in</span> <span class='ocrx_word' id='word_1_250' title='bbox 1076 1657 1200 1697; x_wconf 82' lang='lat' dir='ltr'>Marco,</span> <span class='ocrx_word' id='word_1_251' title='bbox 1229 1658 1285 1689; x_wconf 90' lang='lat' dir='ltr'>sed</span> <span class='ocrx_word' id='word_1_252' title='bbox 1311 1659 1345 1690; x_wconf 90' lang='lat' dir='ltr'>in</span> <span class='ocrx_word' id='word_1_253' title='bbox 1373 1666 1481 1690; x_wconf 85' lang='lat' dir='ltr'>marca</span> 
     </span>
     <span class='ocr_line' id='line_1_63' title="bbox 967 1706 1359 1746; baseline 0.003 -9"><span class='ocrx_word' id='word_1_254' title='bbox 967 1706 1090 1737; x_wconf 88' lang='lat' dir='ltr'>Horum</span> <span class='ocrx_word' id='word_1_255' title='bbox 1119 1706 1205 1737; x_wconf 86' lang='lat' dir='ltr'>Deus</span> <span class='ocrx_word' id='word_1_256' title='bbox 1230 1707 1359 1746; x_wconf 82' lang='lat' dir='ltr'>legitur.</span> 
     </span>
    </p>
   </div>
   <div class='ocr_carea' id='block_1_16' title="bbox 871 1787 1480 2119">
    <p class='ocr_par' dir='ltr' id='par_1_18' title="bbox 871 1787 1480 2119">
     <span class='ocr_line' id='line_1_64' title="bbox 871 1787 1480 1827; baseline 0 -7"><span class='ocrx_word' id='word_1_257' title='bbox 871 1789 903 1820; x_wconf 85' lang='lat'>9.</span> <span class='ocrx_word' id='word_1_258' title='bbox 920 1787 993 1819; x_wconf 90' lang='lat' dir='ltr'>Non</span> <span class='ocrx_word' id='word_1_259' title='bbox 1016 1788 1049 1819; x_wconf 90' lang='lat' dir='ltr'>in</span> <span class='ocrx_word' id='word_1_260' title='bbox 1074 1788 1159 1819; x_wconf 91' lang='lat' dir='ltr'>libro</span> <span class='ocrx_word' id='word_1_261' title='bbox 1186 1797 1245 1827; x_wconf 90' lang='lat' dir='ltr'>per</span> <span class='ocrx_word' id='word_1_262' title='bbox 1273 1789 1480 1827; x_wconf 82' lang='lat' dir='ltr'>scripturam,</span> 
     </span>
     <span class='ocr_line' id='line_1_65' title="bbox 920 1835 1390 1875; baseline -0.002 -8"><span class='ocrx_word' id='word_1_263' title='bbox 920 1835 984 1867; x_wconf 90' lang='lat' dir='ltr'>Sed</span> <span class='ocrx_word' id='word_1_264' title='bbox 1011 1835 1043 1867; x_wconf 87' lang='lat' dir='ltr'>in</span> <span class='ocrx_word' id='word_1_265' title='bbox 1070 1836 1154 1867; x_wconf 86' lang='lat' dir='ltr'>libra</span> <span class='ocrx_word' id='word_1_266' title='bbox 1178 1845 1237 1875; x_wconf 84' lang='lat' dir='ltr'>per</span> <span class='ocrx_word' id='word_1_267' title='bbox 1262 1845 1390 1868; x_wconf 85' lang='lat' dir='ltr'>usuram</span> 
     </span>
     <span class='ocr_line' id='line_1_66' title="bbox 969 1884 1341 1926; baseline 0 -11"><span class='ocrx_word' id='word_1_268' title='bbox 969 1884 1172 1916; x_wconf 85' lang='lat' dir='ltr'>Tormentari</span> <span class='ocrx_word' id='word_1_269' title='bbox 1200 1884 1341 1926; x_wconf 85' lang='lat' dir='ltr'>cupiunt,</span> 
     </span>
     <span class='ocr_line' id='line_1_67' title="bbox 917 1931 1480 1975; baseline 0.002 -12"><span class='ocrx_word' id='word_1_270' title='bbox 917 1931 1002 1963; x_wconf 88' lang='lat' dir='ltr'>Dum</span> <span class='ocrx_word' id='word_1_271' title='bbox 1014 1932 1086 1971; x_wconf 90' lang='lat' dir='ltr'>plus</span> <span class='ocrx_word' id='word_1_272' title='bbox 1097 1932 1225 1974; x_wconf 80' lang='lat' dir='ltr'>habent,</span> <span class='ocrx_word' id='word_1_273' title='bbox 1240 1932 1310 1972; x_wconf 79' lang='lat' dir='ltr'>plus</span> <span class='ocrx_word' id='word_1_274' title='bbox 1318 1932 1480 1975; x_wconf 79' lang='lat' dir='ltr'>affectant,</span> 
     </span>
     <span class='ocr_line' id='line_1_68' title="bbox 919 1980 1480 2021; baseline 0.002 -10"><span class='ocrx_word' id='word_1_275' title='bbox 919 1980 1001 2011; x_wconf 88' lang='lat' dir='ltr'>Dum</span> <span class='ocrx_word' id='word_1_276' title='bbox 1040 1981 1112 2020; x_wconf 90' lang='lat' dir='ltr'>plus</span> <span class='ocrx_word' id='word_1_277' title='bbox 1152 1984 1280 2019; x_wconf 79' lang='lat' dir='ltr'>tenent,</span> <span class='ocrx_word' id='word_1_278' title='bbox 1321 1981 1393 2021; x_wconf 90' lang='lat' dir='ltr'>plus</span> <span class='ocrx_word' id='word_1_279' title='bbox 1426 1990 1480 2012; x_wconf 77' lang='lat' dir='ltr'>ex-</span> 
     </span>
     <span class='ocr_line' id='line_1_69' title="bbox 902 2033 1349 2070; baseline 0.004 -11"><span class='ocrx_word' id='word_1_280' title='bbox 902 2036 905 2040; x_wconf 59' lang='lat'><em>*</em></span> <span class='ocrx_word' id='word_1_281' title='bbox 1191 2033 1349 2070; x_wconf 83' lang='lat' dir='ltr'>spectant,</span> 
     </span>
     <span class='ocr_line' id='line_1_70' title="bbox 966 2077 1450 2119; baseline 0.004 -12"><span class='ocrx_word' id='word_1_282' title='bbox 966 2077 1050 2108; x_wconf 90' lang='lat' dir='ltr'>Dum</span> <span class='ocrx_word' id='word_1_283' title='bbox 1077 2080 1202 2119; x_wconf 82' lang='lat' dir='ltr'>potant,</span> <span class='ocrx_word' id='word_1_284' title='bbox 1230 2077 1302 2117; x_wconf 88' lang='lat' dir='ltr'>plus</span> <span class='ocrx_word' id='word_1_285' title='bbox 1326 2078 1450 2110; x_wconf 74' lang='lat' dir='ltr'>sitiunt.</span> 
     </span>
    </p>
   </div>
   <div class='ocr_carea' id='block_1_17' title="bbox 850 2153 1468 2431">
    <p class='ocr_par' dir='ltr' id='par_1_19' title="bbox 850 2153 1468 2431">
     <span class='ocr_line' id='line_1_71' title="bbox 850 2153 1381 2194; baseline 0 -8"><span class='ocrx_word' id='word_1_286' title='bbox 850 2154 904 2186; x_wconf 90' lang='lat'>10.</span> <span class='ocrx_word' id='word_1_287' title='bbox 922 2153 1073 2185; x_wconf 89' lang='lat' dir='ltr'>Ventrem</span> <span class='ocrx_word' id='word_1_288' title='bbox 1099 2158 1214 2194; x_wconf 87' lang='lat' dir='ltr'>cogunt</span> <span class='ocrx_word' id='word_1_289' title='bbox 1239 2154 1381 2186; x_wconf 81' lang='lat' dir='ltr'>ieiunare</span> 
     </span>
     <span class='ocr_line' id='line_1_72' title="bbox 922 2201 1355 2243; baseline 0.007 -11"><span class='ocrx_word' id='word_1_290' title='bbox 922 2201 966 2233; x_wconf 88' lang='lat' dir='ltr'>Et</span> <span class='ocrx_word' id='word_1_291' title='bbox 991 2209 1177 2234; x_wconf 81' lang='lat' dir='ltr'>crumenam</span> <span class='ocrx_word' id='word_1_292' title='bbox 1202 2212 1355 2243; x_wconf 80' lang='lat' dir='ltr'>separare</span> 
     </span>
     <span class='ocr_line' id='line_1_73' title="bbox 971 2249 1347 2291; baseline 0.008 -11"><span class='ocrx_word' id='word_1_293' title='bbox 971 2249 1043 2281; x_wconf 92' lang='lat' dir='ltr'>Non</span> <span class='ocrx_word' id='word_1_294' title='bbox 1070 2250 1177 2282; x_wconf 88' lang='lat' dir='ltr'>valent</span> <span class='ocrx_word' id='word_1_295' title='bbox 1201 2252 1347 2291; x_wconf 86' lang='lat' dir='ltr'>pecunia,</span> 
     </span>
     <span class='ocr_line' id='line_1_74' title="bbox 922 2297 1468 2341; baseline 0.004 -12"><span class='ocrx_word' id='word_1_296' title='bbox 922 2297 1041 2329; x_wconf 86' lang='lat' dir='ltr'>Contra</span> <span class='ocrx_word' id='word_1_297' title='bbox 1065 2298 1194 2331; x_wconf 87' lang='lat' dir='ltr'>bursam</span> <span class='ocrx_word' id='word_1_298' title='bbox 1222 2305 1468 2341; x_wconf 82' lang='lat' dir='ltr'>conqueruntur,</span> 
     </span>
     <span class='ocr_line' id='line_1_75' title="bbox 922 2345 1446 2390; baseline 0.002 -13"><span class='ocrx_word' id='word_1_299' title='bbox 922 2345 964 2378; x_wconf 92' lang='lat' dir='ltr'>Os</span> <span class='ocrx_word' id='word_1_300' title='bbox 992 2348 1024 2378; x_wconf 90' lang='lat' dir='ltr'>et</span> <span class='ocrx_word' id='word_1_301' title='bbox 1048 2350 1162 2379; x_wconf 89' lang='lat' dir='ltr'>venter</span> <span class='ocrx_word' id='word_1_302' title='bbox 1188 2347 1262 2380; x_wconf 90' lang='lat' dir='ltr'>dum</span> <span class='ocrx_word' id='word_1_303' title='bbox 1290 2353 1446 2390; x_wconf 84' lang='lat' dir='ltr'>coguntur</span> 
     </span>
     <span class='ocr_line' id='line_1_76' title="bbox 971 2394 1262 2431; baseline 0.014 -5"><span class='ocrx_word' id='word_1_304' title='bbox 971 2394 1108 2427; x_wconf 84' lang='lat' dir='ltr'>Servare</span> <span class='ocrx_word' id='word_1_305' title='bbox 1133 2395 1262 2431; x_wconf 88' lang='lat' dir='ltr'>ieiunia.</span> 
     </span>
    </p>
   </div>
  </div>
 </body>
</html>
