1651 2680
707 87 870 122 —240
921 107 964 112 —

640 275 700 305 189.
741 274 782 304 De
803 276 914 305 saneta
934 275 1031 306 Anna.

196 394 226 424 1.
253 394 349 425 Anna
376 393 501 425 stellam
527 394 726 430 matutinam,

256 441 388 472 Stellam
414 441 511 472 maris
538 446 567 472 et
594 442 735 482 reginam

302 489 430 529 Peperit
457 489 654 525 clementiae,

885 395 916 426 3.
944 395 970 426 O
996 395 1090 426 beata
1115 394 1208 426 radix
1233 394 1315 436 viva,

942 442 1046 473 Mirae
1071 442 1201 481 pietatis
1227 442 1321 479 oliva,

988 490 1074 520 Nutu
1100 489 1162 520 Dei
1187 489 1299 527 electa,

884 615 916 645 4.
942 613 992 644 Ex
1020 621 1082 652 qua
1106 613 1264 651 processit
1289 615 1475 644 cunctorum

943 661 1042 700 Virgo
1070 660 1159 700 origo
1182 660 1346 694 bonorum.

987 708 1116 740 Homini
1144 706 1321 740 fructifera.

198 615 229 646 2.
257 614 334 644 Cum
361 622 422 652 qua
448 622 522 644 vere
546 613 608 645 iam
636 614 785 650 laetatur,

255 661 333 700 Quia
361 661 461 692 Deum
489 662 721 700 contemplatur

302 708 457 740 Revelata
482 708 573 742 facie.

528 836 558 866 5.
587 833 635 864 Tu
661 843 728 871 nos,
756 834 861 873 Anna,
887 837 990 864 mater
1014 834 1078 872 pia,

583 881 659 912 Cum
687 885 741 912 tua
767 880 857 919 prole
881 881 985 912 Maria

631 928 701 960 Duc
726 928 768 959 ad
794 928 874 959 caeli
899 929 1025 968 gaudia.

262 1054 370 1079 Cursus
391 1052 425 1077 de
448 1052 574 1078 Domina
595 1062 651 1079 sec.
669 1052 822 1079 ecclesiam
838 1052 1091 1087 Hamburgensem
1108 1052 1176 1086 imp.
1191 1050 1344 1078 Rostochii
1361 1047 1442 1078 1522.
1462 1064 1498 1068 -

183 1090 210 1116 4.
237 1091 244 1116 l
272 1100 313 1126 sq.
336 1091 381 1117 Ex
403 1098 460 1125 qua
481 1095 650 1117 cunctorum
673 1091 815 1126 processit
836 1091 918 1125 origo
939 1091 1090 1117 bonorum.
1113 1104 1146 1107 —-
1170 1088 1195 1121 5,
1220 1088 1233 1116 1
1256 1093 1348 1116 mater
1367 1088 1448 1116 fehlt.

581 1297 644 1328 190.
685 1297 727 1328 De
747 1304 772 1326 s.
796 1296 927 1327 Antonia
949 1296 1098 1328 Eremita.

884 1416 916 1446 4.
943 1415 968 1447 Ο
995 1414 1126 1453 Antoni,
1153 1418 1243 1446 tanta
1269 1415 1367 1446 caede

944 1463 994 1494 Ne
1020 1461 1201 1500 caedamur,
1227 1462 1392 1494 intercede

200 1417 231 1447 1.
260 1416 285 1447 Ο
309 1416 438 1455 Antoni,
466 1418 574 1446 sancte
600 1419 702 1454 pater,

261 1463 416 1495 Salutaris
442 1463 527 1493 vitae
553 1467 667 1503 crater,

257 1512 344 1550 Quae
361 1519 419 1541 nos
445 1510 551 1541 turbat
577 1511 684 1542 multis
707 1510 810 1549 malis,

260 1559 364 1590 Pestis
391 1558 583 1596 epidimialis

261 1606 303 1638 Ut
328 1615 346 1637 a
371 1605 462 1636 nobis
488 1606 691 1647 exstirpetur,

260 1654 329 1685 Tua
354 1653 455 1685 virtus
481 1658 641 1693 operetur.

199 1786 229 1812 ·.
259 1779 303 1810 Es
330 1776 463 1819 signifer
489 1782 519 1809 et
545 1778 668 1818 lucifer,

259 1827 308 1858 Sis
334 1829 443 1858 noster
468 1835 542 1865 ergo
569 1825 712 1865 scutifer,

261 1875 308 1906 Ne
334 1873 462 1905 morbus
489 1874 539 1905 hic
565 1883 621 1905 nos
648 1873 753 1912 feriat,

262 1923 432 1954 Precamur
457 1927 498 1959 te,
525 1923 609 1962 quod
636 1926 745 1961 pereat

258 1971 362 2002 Radix
389 1970 454 2000 eius
480 1974 574 2009 atque
601 1969 710 2011 fomes,

260 2019 365 2049 Malus
392 2022 439 2048 est
464 2027 536 2048 nani
562 2018 632 2057 ipse
657 2025 770 2049 comes.

195 2145 231 2174 ἱ).
261 2143 434 2182 Tamquam
461 2141 512 2173 fur
537 2143 569 2174 in
595 2146 688 2174 nocte
714 2141 810 2183 venit,

258 2191 379 2222 Tunica
404 2199 476 2228 non,
504 2200 596 2230 quani
623 2191 756 2230 invenit,

260 2238 316 2269 Vel
342 2238 440 2278 pallio
465 2247 522 2269 nos
548 2239 676 2279 spoliat,

258 2286 321 2318 Sed
348 2285 432 2326 pelle
457 2295 514 2318 nos
540 2287 691 2325 excoriat,

255 2334 301 2366 Et
324 2344 387 2366 non
411 2334 513 2365 solum
539 2334 647 2374 privat
671 2333 766 2375 pelle,

257 2381 376 2415 Aufert
402 2382 496 2414 vitam
523 2392 580 2414 suo
605 2381 692 2415 felle.

884 2145 915 2175 6.

942 1511 1020 1542 Mox
1045 1509 1087 1541 ad
1113 1509 1213 1540 Deum
1240 1514 1345 1541 mente
1370 1518 1461 1550 pura,

943 1558 1005 1589 Sua
1032 1565 1072 1589 ne
1096 1567 1153 1588 nos
1180 1561 1326 1590 creatura

945 1606 1006 1637 Per
1031 1605 1131 1645 ipsius
1156 1605 1259 1636 morbi
1286 1614 1431 1637 ramnum

945 1653 1109 1685 Patiamur
1133 1653 1214 1684 illud
1241 1653 1401 1686 damnum.

944 1778 1079 1810 Morbus
1108 1778 1158 1808 hic
1184 1778 1384 1818 contagiosus

944 1874 992 1905 Ne
1018 1883 1075 1906 nos
1102 1877 1167 1905 tam
1193 1878 1325 1914 repente
1350 1877 1453 1912 necet,

944 1922 1000 1960 Te,
1027 1921 1191 1954 confessor
1216 1922 1310 1961 alme,
1337 1923 1429 1954 decet

944 1970 1025 2001 Arte
1050 1975 1104 2001 tua
1129 1979 1187 2001 nos
1212 1970 1345 2008 mederi,

947 2017 1092 2058 Namque
1117 2017 1233 2049 scimus
1259 2018 1341 2050 illud
1368 2026 1452 2059 vere,

942 2143 975 2174 Si
1002 2143 1060 2183 vis,
1088 2145 1178 2183 potes
1201 2152 1259 2175 nos
1286 2143 1440 2175 mundare

945 2191 989 2223 Et
1016 2191 1100 2223 hunc
1124 2190 1269 2222 morbum
1295 2191 1444 2232 effugare.

943 2239 1032 2280 Fuga
1059 2246 1134 2278 ergo
1159 2247 1351 2271 venenosum

945 2287 1093 2319 Morbum
1119 2286 1204 2318 hunc
1229 2291 1261 2318 et
1287 2287 1469 2320 dolorosum

947 2334 1192 2367 Praeservando
1215 2345 1279 2367 non
1304 2335 1459 2368 habentes

943 2383 986 2414 Et
1012 2382 1157 2415 sanando
1182 2383 1352 2423 patientes.
