1651 2680
490 444 508 474 U!

472 2030 527 2063 10.

472 2260 527 2293 11.

753 111 990 146 —54—

513 232 520 239 .
548 208 610 240 Sed
637 211 785 239 moneant
810 211 842 239 te
867 208 1000 239 vulnera
1024 207 1151 248 pedum,

548 256 685 295 Later-is,
711 264 871 295 manuum,
898 253 952 295 fel,
978 259 1113 293 acetum,

547 303 658 343 Sputa,
686 303 778 343 clavi,
805 303 925 344 lancea,
953 302 1086 342 arundo„

549 350 612 382 Per
638 359 729 390 quem
755 355 803 381 est
828 351 895 381 vita
919 350 1048 381 reddita
1072 349 1204 383 mundo,

516 469 523 475 .
552 442 598 474 Te
624 445 750 472 moneat
775 440 882 472 nobile
907 441 1037 480 lignum,

549 491 638 530 Quod
669 494 700 520 te
724 493 854 528 portare
880 487 940 519 fuit
967 488 1105 529 dignum,

548 537 682 575 Lignum
714 535 816 567 crucis
842 535 1045 574 triumphale,

551 585 608 617 Cui
635 585 755 615 nullum
784 588 829 614 est
855 583 1006 622 aequale3

552 633 721 672 Nunquam
746 627 833 674 [tale]
861 631 993 670 protulit
1019 631 1142 667 humus,

553 682 614 713 Per
639 680 723 719 quod
750 688 807 710 nos
833 678 948 709 salvati
973 687 1089 710 sumus.

518 797 525 804 .
554 772 597 805 Ut
625 769 700 810 quid
727 770 895 800 miseratus
921 777 954 799 es
980 768 1112 799 latronis

548 820 584 850 In
611 819 681 857 ipsa
709 817 785 848 hora
814 816 980 857 passionis,

549 868 680 898 ianuam
707 865 791 896 vitae
817 864 964 903 aperiens
991 862 1043 894 ei?

553 915 671 946 Precor
696 917 737 951 te,
764 911 945 943 miserearis
971 912 1042 946 mei,

551 962 584 994 Si
612 965 719 992 reatus
746 970 807 990 non
831 959 966 998 impedit
993 967 1091 998 meus⁷

552 1010 595 1042 Ut
622 1008 778 1040 exaudiar
803 1018 821 1039 a
849 1011 891 1046 te,
919 1006 1016 1038 Deus.

552 1101 619 1139 Quo
645 1108 694 1129 me
721 1103 841 1129 vertam
868 1096 1029 1128 infelicem

555 1147 624 1179 Nisi
651 1147 691 1177 ad
719 1151 804 1177 tuam
831 1145 1034 1185 genetricem,

552 1195 605 1227 Ad
631 1194 778 1226 Mariam.
803 1193 927 1224 stellam
953 1193 1060 1231 mariS,

555 1243 653 1281 Quam
680 1251 758 1281 prae
784 1241 905 1272 cunctis
932 1241 1105 1276 veneraris,

552 1292 619 1329 Qua
646 1294 757 1320 orante
783 1297 916 1328 parcere
939 1288 1021 1319 soles

551 1339 621 1379 His,
649 1347 726 1376 quos
753 1340 865 1376 gravat
891 1336 1058 1366 criminum
1087 1334 1216 1369 moles?

552 1429 577 1460 O
603 1428 717 1467 Maria,
750 1433 851 1458 maier
877 1426 1127 1460 misericordiae.

553 1476 616 1507 Ora
643 1484 760 1515 regem.
787 1476 861 1505 iube
887 1480 971 1515 nato,

553 1524 595 1556 Ut
623 1532 671 1554 me
698 1524 827 1554 mundet
853 1532 871 1554 a
897 1528 1039 1562 peccato,

552 1571 600 1603 De
626 1576 758 1611 peccato
783 1571 912 1611 actuali,

551 1620 648 1657 Quem
676 1619 840 1650 mundavit
866 1619 906 1650 ab
933 1618 1083 1660 originali

556 1667 788 1698 Pretiosissimo
815 1675 925 1697 cruore

550 1715 595 1746 Te
620 1719 746 1746 astante
771 1723 841 1745 cum
868 1714 988 1747 dolore.

518 1827 524 1833 .
553 1801 747 1834 Recordare,
776 1801 864 1839 virgo
891 1800 986 1837 mitis,

554 1848 618 1880 Cur
644 1848 722 1879 haee
747 1848 838 1879 ambo
865 1848 950 1887 passi
977 1848 1057 1887 sitis,

552 1896 615 1927 Hic
640 1897 670 1927 in
696 1905 800 1937 carne,
829 1900 863 1926 tu
888 1897 920 1927 in
947 1900 1061 1935 mente,

556 1944 632 1976 Cum
659 1949 823 1983 pateretur
849 1949 880 1974 te
906 1948 1085 1984 praesente.

555 2029 657 2061 Causa
684 2029 745 2060 mei
769 2038 893 2060 crucem
919 2030 1075 2066 aseendit,

554 2078 597 2110 Ut
623 2077 772 2118 saivaret‚
800 2078 831 2108 in
860 2086 952 2108 cruce
977 2079 1152 2119 pependit3

555 2125 656 2157 Causa
683 2126 744 2157 mei
770 2129 805 2156 tu
833 2125 972 2167 doluisti,

558 2173 636 2206 Cum
663 2173 824 2212 aspiceres
850 2178 983 2204 mortem
1011 2173 1144 2207 Christi.

554 2258 644 2298 Quod
670 2258 769 2290 subiit
793 2267 888 2290 causa
913 2260 975 2290 mei

553 2308 691 2339 Poenam
717 2305 802 2338 filius
827 2306 898 2349 Dei,

553 2355 643 2386 Tunc
669 2363 727 2395 ego
753 2353 799 2385 fui
825 2364 921 2386 causa
946 2354 1059 2388 mortis
1083 2356 1144 2397 sui,

555 2402 615 2434 Fui
639 2406 671 2434 et
697 2402 817 2434 doloris
843 2403 900 2436 tui.
