1651 2680
715 85 976 121 —298—

621 199 685 230 275.
726 199 767 229 De
789 199 896 230 sancto
916 198 1074 230 Maur-itio.

200 281 230 311 1.
260 281 337 316 Are,
366 278 543 310 clarissima
569 283 751 311 sanctorum
886 280 920 312 2.
947 279 1014 311 Iter
1038 279 1187 312 fidelibus
1213 280 1359 322 trivistis,

258 328 376 359 Turma
401 326 631 365 Thebaeorum,
945 328 1012 366 Quo
1039 329 1161 360 caelum
1187 328 1328 370 petistis,

257 376 356 413 Quam
383 383 505 405 morum
944 375 1135 415 Tempsistis

257 424 415 454 Honestas
942 423 1108 456 Obscaena

255 473 303 502 Ac
331 470 438 501 divina
464 470 614 502 maiestas
943 472 1066 513 Carnis,
1094 472 1156 503 Dei
1181 481 1313 504 amoena

302 517 503 551 venustavit.
990 520 1056 551 Iam
1084 520 1225 553 cernitis.

256 566 406 597 Normam
422 575 477 596 vos
496 565 632 596 militum
647 566 811 605 servastis,
941 567 1078 598 Mortem
1111 565 1242 611 [diram]
1275 566 1499 607 praeelegistis

255 614 397 652 Rapinas
425 613 559 649 vitastis,
941 613 1052 655 Ferre,
1079 624 1170 655 quam
1197 616 1229 647 in
1255 614 1336 654 istis,

258 662 404 693 Levastis
941 662 1061 693 Deistis

254 709 403 749 Egentes,
941 709 1069 749 Parere,

254 758 337 796 Quos
364 765 513 796 pressura
539 761 717 787 maerentes
942 757 1030 789 Caeli
1057 767 1187 798 regnum
1219 757 1292 789 hinc
1318 765 1392 788 vere

303 804 520 836 Contristavit.
990 806 1176 845 Percepitis.

256 852 317 884 Ubi
343 861 408 883 mos
436 852 548 890 proelii
576 856 777 891 poposcerat.
932 848 978 883 'In
1006 858 1097 884 coetu
1122 853 1226 893 gregis
1252 852 1473 885 iucundissimi
1509 855 1511 857 ’

255 899 369 931 Fortes
396 900 573 938 exstitistis,
940 900 1050 932 Palma
1075 901 1228 941 coronati,

255 949 373 979 caesar
401 956 454 978 vos
479 947 596 977 milites
623 948 771 986 accierat,
939 949 1083 988 Assueri‚
1111 950 1194 988 regis
1217 949 1496 990 praestantissimi,

254 994 368 1026 Statim
394 995 554 1035 paruistis,
937 995 1078 1027 Dextrae
1105 997 1228 1035 sociati,

254 1067 557 1075 ......
938 1043 1039 1074 Nobis
1067 1045 1210 1083 deputati

254 1090 382 1121 Vicistis
938 1091 1072 1123 Probati

255 1139 439 1177 Mahgnum,
937 1139 1072 1170 'sutores

254 1186 369 1216 Mortis
394 1194 497 1224 poena
521 1193 614 1223 quem
641 1185 768 1223 dignum
936 1186 1056 1217 Contra
1081 1187 1170 1218 canis
1193 1188 1324 1219 timores

302 1234 372 1266 Cito
398 1233 521 1263 stravit.
984 1234 1161 1274 Tricipitis.

520 1319 550 1349 3.
578 1318 702 1348 Vestris
728 1328 784 1349 nos
810 1318 959 1358 precibus
986 1320 1102 1359 iuvate,

580 1365 709 1396 Veniam
737 1372 845 1405 rogate

579 1413 727 1443 Patratae

577 1459 699 1491 Donari

577 1508 743 1550 Pravitati‚
771 1508 917 1540 mundari

624 1557 653 1586 A
680 1556 776 1589 vitiis.

576 1602 642 1634 Fac
668 1613 724 1634 nos
750 1604 929 1636 artissimae
954 1606 1065 1636 salutis

577 1650 693 1682 Vivere
719 1655 848 1683 statutis

576 1699 698 1737 Acutis‚

576 1746 711 1778 Decerni

576 1793 624 1825 Ne
650 1795 834 1834 contingant
858 1795 979 1826 Averni

622 1842 806 1882 Suppliciis

576 1890 716 1929 Regibus
743 1891 822 1922 caeli
848 1891 1113 1931 praeclarissimis

576 1938 641 1969 Nos
669 1937 720 1969 fac
745 1938 900 1978 copulari,

575 1985 734 2025 Gregibus
761 1995 829 2017 cum
857 1985 1158 2027 praefulgidissimis

573 2033 707 2073 Semper
732 2034 882 2071 recreari,

574 2081 674 2112 Deum
703 2081 924 2122 contemplari,

572 2128 690 2160 Levari

572 2177 677 2216 Atque
703 2176 767 2208 frui
793 2177 950 2209 mansuris

619 2225 761 2257 Deliciis.

250 2309 332 2335 Miss.
364 2312 391 2335 et
414 2309 496 2335 lii-ev.
519 2309 700 2336 Belisianum
724 2319 800 2337 saec.
823 2307 866 2337 15.
907 2310 977 2337 Cod.
999 2311 1165 2338 Bruxellen.
1187 2310 1348 2342 9786—90.
1368 2329 1405 2334 —
1427 2316 1488 2344 Aus

169 2348 323 2375 dei-selben
353 2346 456 2381 Quelle
482 2347 566 2374 Anal.
595 2348 727 2375 Bolland.
749 2349 808 2381 VI,
829 2346 893 2376 368.
916 2363 952 2368 —
974 2349 1031 2376 Die
1053 2349 1159 2377 Cautio
1181 2351 1254 2386 folgt
1274 2353 1326 2379 der
1344 2354 1487 2383 Melodie:

169 2388 242 2414 Ave
272 2386 518 2412 sanctissima
547 2387 695 2422 regina,
715 2387 800 2414 Anal.
822 2388 845 2418 Ι,
866 2385 911 2413 52.
