1651 2680
631 113 891 148 —173—

115 209 147 241 5.
173 207 199 240 Ο
224 207 331 240 Maria
355 207 510 248 piissima,

173 255 266 288 Omni
290 255 386 287 laude
413 256 610 296 dignissima,

173 302 240 334 Fac
264 312 315 335 me
341 303 437 343 digne
463 308 494 335 te
520 304 656 337 laudare

174 351 326 383 Venerari
355 355 386 382 et
412 361 529 384 amare.

659 332 666 346 9

137 483 144 490 .
173 457 198 490 O
225 457 352 489 domina
379 457 589 495 dominarum,

173 505 198 537 Ο
225 505 335 545 regina
359 505 551 545 reginarum,

177 553 313 592 Propter
338 556 424 585 tuam
449 554 602 593 pietatem

175 601 266 632 Tolle
291 610 392 632 meam
419 606 652 641 paupertatem.

141 733 148 741 .
175 707 300 747 Pauper
326 707 409 738 enim
436 711 467 738 et
493 716 619 748 egenus,

172 757 201 786 A
227 754 296 786 Deo
321 764 389 786 sum
414 755 548 793 alienus,

173 803 353 834 Adversum
381 812 430 834 me
455 803 580 835 irritavi

829 212 859 244 8.
888 211 989 243 Deum
1016 211 1093 243 mihi
1119 210 1264 253 pacifica,

887 259 947 291 Dei
973 263 1075 291 mater
1101 263 1130 291 et
1157 260 1270 299 amica,

890 307 960 340 Hoc
986 311 1017 338 te
1042 317 1135 349 posse
1162 308 1333 347 impetrare

891 355 1006 387 Nullus
1034 356 1129 387 debet
1156 356 1313 387 dubitare.

854 485 861 492 .
890 460 914 492 O
942 461 1110 500 praeclara
1135 461 1228 492 stella
1254 461 1360 497 mai-is,

890 508 978 547 Quae
1003 517 1071 539 cum
1099 508 1167 540 Deo
1192 509 1348 548 gloriaris,

890 556 956 587 Fac
983 565 1031 586 me
1057 556 1097 587 ad
1126 561 1252 596 portum
1279 557 1396 593 venire,

890 603 1057 643 Nunquam
1085 605 1170 635 sinas
1198 613 1246 635 me
1272 605 1387 643 perire.

807 709 860 741 10.
889 709 914 741 O
939 709 1055 747 Maria,
1082 708 1140 740 flos
1167 710 1332 748 virginum,

892 757 956 789 Ora
980 767 1039 796 pro
1064 766 1114 788 me
1140 758 1182 789 ad
1208 757 1388 795 Dominum

892 806 935 838 Ut
961 806 1002 836 ad
1029 806 1108 836 caeli
1135 806 1254 845 palatia

174 850 287 887 Deum,
312 851 344 882 in
371 860 462 890 quem
490 856 553 883 tam
580 853 722 891 peccavi.
890 854 1078 885 Perveniam
1105 859 1136 884 te
1162 854 1303 893 praevia.

445 958 497 989 11.
528 959 564 989 In
591 967 653 997 qua
678 959 775 991 miser
800 959 1010 998 nequissimus

526 1006 649 1037 Possim
676 1015 745 1037 esse
771 1007 821 1037 vel
846 1006 986 1046 ultimus,

524 1053 674 1085 Laudans
700 1054 804 1085 Deum
830 1063 888 1094 per
913 1055 1019 1086 omnia

523 1102 731 1134 Saeculorum
758 1103 897 1135 saecula.

180 1205 300 1233 Collect.
334 1215 384 1233 ms.
416 1206 600 1241 Radingense
633 1215 707 1233 saec..
740 1204 783 1233 12.
831 1207 900 1234 eod.
928 1207 1070 1234 Oxonien.
1100 1207 1192 1233 Laud.
1222 1207 1346 1233 Miscell.
1378 1204 1423 1232 79.

101 1244 167 1271 add.
189 1253 264 1271 saec.
289 1243 331 1271 12.
354 1261 389 1264 -
411 1243 437 1278 9,
459 1244 477 1271 4
499 1245 661 1280 Nusquam.
683 1260 720 1264 —-
742 1245 894 1272 Abschrift
916 1254 973 1271 von
996 1246 1066 1272 Rev.
1087 1246 1122 1272 H.
1146 1246 1184 1271 M.
1210 1246 1376 1272 hannis-tor.

540 1415 601 1446 130.
644 1415 685 1445 De
707 1415 806 1446 Beata
827 1414 926 1445 Maria
948 1415 982 1445 V.

113 1526 142 1558 1.
172 1525 258 1557 Mole
283 1526 406 1565 gravati
432 1525 599 1556 criminum

172 1574 225 1606 Ad
251 1579 292 1609 te,
319 1574 429 1613 regina
455 1573 622 1614 virginum,

172 1620 398 1662 Confugientes
424 1622 595 1661 poscimus,

170 1669 294 1702 Adesto
319 1671 437 1702 nostris
462 1669 622 1709 precibus.

805 1527 838 1558 5.
866 1525 959 1563 Vere,
986 1526 1086 1565 virgo.
1115 1530 1187 1565 post
1213 1526 1353 1566 genitum

867 1574 981 1605 Preces
1009 1574 1123 1605 exaudi
1150 1575 1341 1615 supplicum,

863 1622 905 1654 Et
931 1622 1006 1662 quid
1034 1623 1176 1661 poscenti
1204 1623 1358 1654 Dominus

863 1670 937 1701 Tibi
963 1671 1091 1710 negabit
1118 1671 1226 1701 filius?

805 1778 836 1809 6.
867 1777 901 1809 Si
928 1780 1051 1808 tantum
1078 1777 1167 1813 velis,
1197 1778 1333 1809 domina.

867 1825 986 1856 Nostra
1010 1825 1158 1856 delentur
1184 1825 1326 1856 crimina.

862 1874 1065 1913 Quapropter
1090 1877 1121 1903 te
1147 1874 1328 1912 praecipue⁷

866 1922 995 1959 Servos,
1022 1930 1159 1954 oramus.
1188 1922 1323 1961 respice.

112 1778 144 1810 2.
171 1777 331 1808 Aeternae
357 1776 440 1808 vitae
467 1777 571 1817 ianua,

170 1825 288 1856 Aurem
314 1824 408 1856 nobis
434 1825 649 1862 accommoda,

172 1872 234 1904 Per
259 1882 351 1913 quam
378 1882 452 1912 spes
480 1873 564 1905 vitae
590 1873 697 1911 rediit,

171 1921 269 1960 Quam
296 1921 365 1953 Eva
391 1930 528 1961 peccans
554 1921 696 1954 abstulit.

111 2029 141 2061 3.
177 2028 286 2068 Virgo,
312 2031 347 2059 tu
373 2031 475 2060 mater
501 2028 628 2067 iudicis,

172 2076 279 2108 Vitam
306 2077 443 2116 deposce
470 2075 598 2108 famulis

172 2125 215 2157 Et
241 2125 428 2165 paenitendi
455 2125 560 2165 spatia

173 2173 285 2215 Nobis,
313 2182 449 2212 oramus,
478 2173 625 2213 impetra.

807 2029 838 2060 7.
863 2028 909 2059 Te
935 2031 1056 2067 orante,
1083 2028 1293 2066 sanctissima,

867 2075 1057 2107 Sanctorum
1083 2080 1175 2107 orant
1201 2077 1337 2119 agmina,

867 2123 901 2155 Si
928 2128 959 2154 te
985 2125 1154 2156 adversam
1181 2125 1359 2164 praevidet,

869 2172 1024 2204 Caelestis
1050 2173 1130 2203 ordo
1156 2173 1302 2205 conticet.

110 2280 143 2312 4.
174 2280 297 2318 Exom,
325 2280 425 2323 virgo,
454 2279 563 2321 filium,

170 2327 328 2361 Praesens
354 2327 465 2360 confer
490 2327 655 2367 auxilium,

169 2377 214 2410 Ut
240 2380 428 2418 perpetrata
453 2376 601 2416 nequiter

169 2426 354 2466 Purgentur
379 2424 566 2458 efficaciter.

807 2280 838 2312 8.
869 2280 932 2310 Per
957 2283 999 2320 te,
1025 2283 1128 2310 mater
1154 2280 1341 2318 castissima,

865 2327 966 2360 Nobis
993 2327 1129 2358 donetur
1155 2328 1245 2360 venia

864 2376 1005 2416 Tuisque
1031 2376 1149 2407 sanctis
1174 2377 1323 2416 precibus

867 2424 1064 2456 Concilietur
1090 2424 1254 2458 Dominus.
