1653 2680
207 864 236 893 9.

185 1182 236 1212 10.

183 1500 234 1532 11.

182 1814 234 1846 12.

180 2131 235 2164 13.

703 78 961 114 -140—

265 173 387 205 Nostra
413 174 463 204 cui
489 174 551 204 sint
580 173 716 206 dicenda

267 222 395 262 Errata,
423 219 507 253 facta
535 221 684 259 dolenda,

268 270 325 300 Pia
350 270 450 309 virgo,
476 269 535 300 nisi
561 269 631 308 tibi,

266 317 414 356 Quisquis
440 321 487 347 est
514 317 657 348 conscius
683 316 754 358 sibi,

267 364 397 396 Nullum
424 365 492 395 adit
517 368 581 396 tam
608 364 762 396 audenter

316 416 413 451 Quam
441 415 472 442 te
498 416 639 445 matrem.

231 567 237 573 .
266 542 361 573 Salve
388 551 471 581 ergo,
500 546 601 572 mater
626 545 743 579 nostra,

268 589 395 628 Nosque
421 590 466 620 sie
492 598 599 621 amare
624 593 777 629 monstra,

267 638 309 670 Ut
338 648 393 669 iios
420 638 497 668 velis
525 637 689 676 consolari,

266 685 346 716 Nam
375 686 405 716 in
434 689 518 716 terra
547 693 604 716 nec
630 685 660 715 in
689 684 769 716 maii

267 732 354 764 Nihil
382 738 426 765 est
455 733 545 763 nobis
569 732 739 763 iucundum

313 781 357 811 Te
383 782 524 813 absente.

266 861 320 892 Ad
337 870 426 901 quem
443 862 500 901 vis,
516 861 615 892 nostri
632 863 796 899 clamores,

268 908 416 939 Planctus
440 909 541 939 nostri
568 912 599 939 et
626 909 751 940 dolores

266 955 461 994 Dirigrantur.
490 957 515 987 si
542 966 603 988 non
629 956 745 988 audis?

263 1003 333 1035 Nisi
360 1008 402 1043 tu,
434 1009 543 1043 matt-1¹,
571 1004 713 1044 exaudis,

268 1053 331 1084 Iam
360 1062 415 1082 1105
443 1051 561 1083 frustra
587 1052 767 1084 laboramus

311 1099 362 1130 Ad
389 1101 533 1131 salutem.

264 1181 310 1212 Te
337 1190 390 1211 1105
417 1190 541 1220 semper
565 1182 758 1215 invocamus,

264 1227 308 1260 Ut
336 1228 503 1259 discrimen
532 1229 714 1267 evadamus,

265 1276 306 1306 Et
334 1284 393 1306 non
422 1276 495 1306 dees
521 1276 682 1315 opitulari,

265 1323 335 1354 Non
365 1323 460 1354 debes
488 1333 562 1363 ergo
588 1323 706 1361 mirari,

264 1370 295 1402 si
322 1371 483 1410 antiquum
511 1371 601 1402 nobis
628 1380 745 1402 morem

311 1418 532 1450 observamus.

265 1497 454 1531 Clamrmzus
481 1508 556 1530 voce
582 1499 731 1538 ploranti,

262 1545 304 1578 Ut
332 1547 411 1577 velis
436 1546 492 1578 illo
516 1546 631 1578 infanti

262 1595 380 1627 Contra
406 1595 527 1626 hostem
554 1603 645 1634 opem
673 1593 768 1631 ferre,

267 1635 397 1680 Damna,
431 1651 512 1682 quae
537 1645 641 1681 potest
666 1640 794 1683 inferre,

266 1689 363 1720 Nobis
390 1694 462 1720 sunt
487 1690 701 1730 intoleranda,

314 1738 346 1768 Si
373 1747 433 1769 non
461 1738 560 1769 iuvaS.

262 1813 398 1845 Eoesules
432 1813 471 1845 ob
502 1814 636 1854 primam
664 1817 796 1845 matrem

264 1862 330 1893 Nos
357 1866 483 1901 oportet
508 1862 591 1893 sicut
615 1867 738 1900 patrem

260 1910 423 1941 Laborare
450 1918 518 1940 cum
545 1910 679 1949 sudore,

262 1958 391 1991 Utinam
420 1960 508 1989 tanto
531 1966 638 1989 errore

264 2006 447 2037 caruissent
473 2005 567 2044 primi
592 2005 639 2036 illi

307 2053 484 2084 Genitores.

262 2129 342 2161 Filii
368 2138 473 2161 sumus
501 2129 645 2161 dolentes

263 2179 379 2210 Casum
397 2181 540 2208 nostrum
557 2185 617 2208 nee
629 2177 797 2216 habenteS‚

261 2225 320 2266 Qui
346 2234 402 2257 nos
430 2225 505 2256 velit
532 2225 692 2265 relevare3

262 2273 314 2305 Ad
342 2277 372 2304 te
399 2282 473 2313 ergo
499 2273 680 2312 supplicare

263 2323 484 2362 properamus,
510 2324 545 2352 ut
570 2322 704 2360 adoptes

308 2369 374 2401 Nos
399 2369 431 2400 in
458 2373 539 2401 tuos.

864 176 918 209 14.

863 543 916 574 15.

859 861 912 893 16.

861 1181 914 1212 17.

863 1499 916 1532 18.

860 1814 912 1846 19.

859 2129 912 2162 20.

943 174 1035 207 Evae
1058 183 1165 206 sumus
1191 174 1375 214 coheredes,

944 223 1030 262 Quae
1070 227 1195 255 nostras
1237 227 1301 254 tani
1340 221 1492 262 pulchras

1317 270 1420 305 sedes,

942 318 1025 358 Quas
1050 318 1082 350 in
1108 318 1205 350 caelis
1230 317 1435 351 habebamus.

943 365 1071 406 Amisit,
1097 366 1181 398 unde
1206 365 1378 405 ploramus,

942 413 983 444 Et
1011 422 1072 445 non
1099 417 1156 452 est,
1183 413 1237 453 qui
1263 414 1454 446 consoletur.

993 461 1033 491 Ni
1060 464 1104 499 tu,
1130 461 1230 501 virgo.

943 541 998 573 Ad
1023 547 1156 582 quantas
1182 541 1389 577 calamitates,

944 590 1077 629 Damna,
1104 590 1222 629 clades,
1249 593 1456 628 paupertates

945 638 979 668 lu
1008 637 1066 668 hac
1091 637 1174 668 valle
1199 646 1306 669 sumus
1332 637 1420 669 nati!

944 685 1082 716 Nostrae
1108 688 1155 716 est
1180 685 1351 716 hereditati

943 732 1038 771 Angi,
1066 733 1132 770 pati
1159 737 1188 763 et
1218 733 1326 764 dolere

993 779 1061 817 Die,
1090 784 1194 810 noctu.

940 861 984 891 Te
1010 870 1066 892 nos
1092 869 1200 891 omnes
1225 865 1427 899 aegrotantes

943 909 1002 940 Per
1028 907 1135 939 orbem
1163 912 1256 948 atque
1284 909 1428 948 palantes

940 956 1075 987 Adimus
1100 960 1197 994 atque
1221 965 1398 995 precamur.

941 1004 994 1038 Ut.
1022 1012 1090 1034 cum
1117 1012 1212 1042 saepe
1238 1004 1421 1036 moriamur.

941 1052 1079 1090 Antiqua
1107 1056 1196 1090 peste
1223 1053 1365 1091 parentis

991 1098 1038 1130 Tu
1065 1108 1121 1130 nos
1148 1108 1250 1132 saneS.

942 1181 1154 1218 &aspiramus
1182 1181 1378 1212 lacrimando

943 1228 990 1259 De
1015 1232 1147 1267 peccato
1170 1233 1235 1259 tam
1261 1228 1410 1263 nefando.

943 1276 1032 1314 Quod
1059 1276 1174 1314 ingrati
1201 1282 1311 1308 contra
1337 1277 1437 1308 Deum

944 1323 1041 1354 Nulla
1068 1323 1158 1361 quasi
1183 1324 1267 1362 apud
1296 1333 1364 1355 eum

943 1371 1109 1401 movemur
1136 1371 1317 1406 dilectione,

993 1417 1031 1449 L't
1059 1419 1232 1457 praecepit.

943 1498 1110 1530 Gementes
1138 1500 1222 1531 luctu
1250 1500 1381 1535 dolenti,

944 1546 1079 1583 Labore,
1109 1556 1183 1578 cura
1209 1548 1323 1579 intenti

942 1593 1150 1626 Ambulamus
1176 1596 1208 1626 in
1235 1595 1373 1630 deserto.

944 1641 1033 1673 Mala
1058 1642 1148 1674 nobis
1174 1643 1205 1673 in
1232 1648 1344 1683 aperto

944 1689 1023 1721 Sunt
1050 1689 1168 1724 futura.
1195 1691 1257 1721 nisi
1281 1691 1380 1726 iuves.

992 1737 1086 1770 Alma
1112 1742 1222 1772 mater.

939 1814 983 1845 Et
993 1823 1180 1853 quamquam
1189 1824 1316 1855 semper
1324 1817 1489 1858 vadamus,

939 1865 1006 1900 Quo
1031 1871 1210 1902 pergamuS‚
1236 1863 1429 1903 ignoramus,

940 1910 1062 1941 Tantae
1085 1915 1157 1942 sunt
1184 1911 1275 1942 nobis
1302 1913 1463 1949 tenebrae,

943 1957 1136 1989 Luctuosum
1163 1962 1192 1989 et
1220 1958 1352 1991 funebre

941 2005 1001 2036 Est
1023 2005 1114 2037 nobis
1132 2012 1269 2046 tempus,
1294 2009 1379 2048 quod
1396 2009 1490 2041 adest

990 2053 1061 2085 Hac
1085 2053 1117 2084 in
1145 2054 1219 2086 vita.

941 2129 1068 2162 Flentes
1102 2139 1208 2162 sumus
1235 2140 1304 2163 cum
1331 2141 1489 2175 maerore,

939 2177 1031 2216 Quod
1055 2178 1190 2210 seiuncti
1216 2180 1256 2210 ab
1282 2189 1410 2219 amore;

941 2225 1065 2257 Caritas
1092 2235 1154 2257 non
1179 2231 1228 2258 est
1253 2227 1284 2259 in
1311 2229 1415 2269 nobis,

941 2273 1100 2305 Proximis
1127 2275 1185 2305 viis
1211 2275 1367 2315 improbis

942 2320 1082 2353 Nitimur
1106 2330 1233 2362 semper
1257 2332 1374 2356 nocere

990 2370 1109 2403 Contra
1134 2370 1246 2411 legem,
