1651 2680
185 198 241 231 13.

184 666 237 699 14.

180 1135 235 1167 15.

177 1597 230 1630 16.

177 2059 231 2092 17.

699 102 957 138 -206-

267 198 354 230 Deus
380 207 418 229 ex
445 202 476 229 te
502 199 644 230 nascitur

314 246 378 279 Sub
405 245 541 278 humana
566 252 664 288 veste,

266 294 313 325 De
339 295 428 332 virga
454 292 511 324 flos
537 294 640 325 oritur

315 342 397 373 Isaia
423 345 513 381 teste,

265 391 364 421 Vetus
390 389 482 420 homo
508 390 643 420 moritur

311 436 430 477 Rigida
457 437 497 468 de
523 441 622 476 peste,

266 486 388 517 Novum
415 493 512 523 genus
539 485 674 516 solvitur

313 532 463 565 Criminis
493 542 511 563 a
539 538 631 564 reste.

265 667 310 698 Te
335 667 447 706 figurat
477 667 609 705 mystice

311 714 420 745 Vellus
448 714 616 752 Gedeonis,

263 762 308 793 Te
337 761 481 801 designat
508 762 614 800 typice

310 810 419 840 Rubus
448 809 587 841 visionis.

261 857 308 888 Tu
334 862 420 888 terra
448 857 573 888 verifice

312 905 588 944 Repromissionis.

261 954 411 984 Praelata
437 952 567 983 mirifice

309 1000 441 1040 Angelis
468 1005 496 1030 et
525 1001 657 1034 thronis.

262 1135 307 1165 Te
334 1134 509 1165 mirandam
536 1134 673 1172 posteris

309 1182 428 1213 Textus
455 1181 653 1220 praedicavit

261 1229 456 1261 Testamenti
484 1228 610 1265 veteris,

308 1278 353 1308 Te
379 1277 569 1315 significavit

259 1325 345 1357 Arca
372 1328 460 1354 vetus
488 1322 636 1364 foederis,

307 1373 405 1411 Urna,
433 1380 513 1410 quae
539 1371 675 1410 gestavit

260 1421 388 1454 Manna.
417 1423 448 1449 te
474 1428 551 1457 prae
577 1419 691 1449 ceteris

307 1466 411 1506 Signis
440 1466 614 1498 denotavit.

258 1596 409 1627 Nostrum
437 1603 470 1625 es
496 1595 680 1633 sacrarium,

307 1645 390 1682 Quos
417 1642 561 1681 exemplo
587 1642 704 1682 praeis,

260 1692 376 1724 Patens
402 1691 585 1724 oratorium,

308 1739 404 1770 Liber
429 1746 529 1768 novae
555 1738 643 1776 legis,

259 1787 307 1818 Tu
333 1785 567 1818 reclinatorium

306 1833 460 1866 Mundum
488 1833 600 1864 summi
627 1833 721 1874 regis,

259 1881 532 1922 Propitiatorium‚

306 1930 470 1961 Medicina
496 1929 569 1962 reis.

259 2059 439 2091 Literarum
468 2058 575 2097 apices

306 2107 377 2138 Tibi
408 2104 610 2146 famulantur,

258 2155 491 2194 Prophetarum
517 2154 645 2185 ordines

306 2203 351 2234 Te
378 2202 603 2241 vaticinantur,

257 2250 302 2282 Te
328 2250 457 2290 superni
483 2250 604 2281 iudices

305 2299 409 2339 Digne
437 2301 637 2335 venerantur,

259 2347 361 2386 Reges
387 2355 423 2377 ac
448 2345 616 2385 pontifices

306 2396 368 2428 Per
393 2397 424 2425 te
449 2394 670 2426 sublimantur.

869 201 923 235 18.

866 669 920 701 19.

864 1135 919 1168 20.

859 1595 914 1628 21.

860 2059 916 2091 22.

950 201 1068 234 Verum
1093 200 1151 232 sed
1175 199 1401 232 absconditum

996 249 1118 282 Manna
1142 251 1177 279 tu
1201 247 1352 288 portasti,

951 296 1053 329 Carne
1079 297 1153 328 dum
1180 295 1383 327 reconditum

997 344 1099 376 Deum
1123 343 1295 384 generasti,

948 392 1100 424 Patribus
1127 391 1185 423 hoc
1210 391 1358 422 abditum

999 439 1137 471 Verbum
1162 438 1325 476 revelasti,

951 486 1058 519 Genus
1084 487 1175 518 Adae
1200 486 1364 526 perditum

999 534 1052 566 Sic
1077 535 1283 574 recuperasti.

948 669 985 700 In
1012 672 1044 699 te
1069 668 1274 699 mercimonia

996 716 1094 747 Plena
1119 719 1193 746 sunt
1217 715 1375 751 dulcoris,

947 763 1067 802 Perpes
1094 763 1281 794 castimonia

995 811 1089 842 Nivei
1115 810 1251 850 decoris,

947 858 1077 890 Patrum
1102 858 1311 889 sanctimonia

995 905 1114 938 Laudis
1141 909 1170 936 et
1198 905 1327 937 honoris

946 954 1107 985 Praebent
1132 953 1316 985 testimonia

994 1002 1092 1033 Matri
1120 1001 1344 1040 redemptoris,

946 1135 1010 1166 Per
1036 1140 1067 1165 te
1094 1134 1299 1173 repromissio

994 1182 1095 1214 Facta
1121 1185 1369 1219 consummatur,

946 1230 990 1261 Et
1015 1229 1249 1268 praevaricatio

994 1278 1102 1309 Prima
1128 1277 1301 1319 relevatur,

964 1324 1058 1365 Legis
1085 1325 1268 1356 excaecatio

992 1373 1055 1404 Per
1079 1375 1111 1402 te
1137 1371 1330 1411 declaratur,

944 1419 1007 1452 Sed
1034 1424 1064 1451 et
1091 1428 1191 1451 novae
1218 1420 1306 1450 datio

992 1466 1123 1498 Gratiae
1148 1470 1354 1500 monstratur.

943 1595 1089 1627 Solamen
1116 1595 1349 1635 plangentium,

990 1644 1070 1682 Spes
1097 1643 1327 1681 desolatorum,

943 1691 1027 1723 Cura
1054 1690 1317 1730 delinquentium,

990 1739 1089 1770 Venia
1116 1747 1252 1779 reorum,

942 1786 1063 1818 Norma
1090 1791 1121 1817 te
1146 1787 1363 1828 sequentium,

994 1835 1095 1866 Pausa
1121 1835 1289 1871 viatorum,

944 1882 1028 1913 Vera
1053 1882 1139 1914 salus
1163 1885 1316 1924 gentium,

990 1931 1106 1962 Portus
1132 1929 1373 1971 naufragorum.

942 2059 1058 2090 Nullus
1084 2059 1116 2090 in
1143 2060 1296 2100 periculis

991 2107 1031 2138 Se
1057 2107 1154 2138 sentit
1180 2108 1383 2147 derelictum,

942 2154 1006 2186 Sed
1032 2163 1092 2186 nec
1116 2155 1149 2186 in
1175 2157 1371 2195 spectaculis

989 2202 1104 2235 Mundi
1130 2212 1164 2234 se
1190 2205 1352 2245 relictum,

944 2250 1096 2283 Precibus
1121 2251 1174 2290 qui
1200 2253 1325 2284 sedulis

991 2299 1096 2330 Cornu
1121 2299 1204 2338 gerit
1231 2300 1353 2339 fictum,

942 2345 1045 2378 Orans
1071 2355 1130 2386 pro
1153 2347 1290 2386 piaculis

993 2394 1116 2427 Nomen
1144 2395 1357 2431 benedictum.
