1651 2680
683 73 943 110 —300—

592 207 659 238 278.
699 207 741 239 De
761 208 870 238 sancto
893 205 1027 238 (lewine.

179 324 185 331 .
213 298 361 331 Gloriose
388 306 443 329 rex
471 297 607 334 oswine,

213 347 271 386 Qui
299 346 427 377 virtutis
454 347 484 376 vi
512 346 639 377 divinae

260 394 378 434 Fulges
405 403 501 433 super
527 393 645 430 sidera,

212 443 311 482 Opem
339 441 445 473 ferens
472 442 649 473 medicinae

215 491 372 522 Salutaris
398 500 417 522 a
442 491 553 521 ruinae

263 537 397 570 Casibus
424 547 474 568 ine
500 537 611 569 libera.

865 297 899 329 2.
923 296 1027 336 Digne
1053 296 1111 328 tibi
1139 296 1302 328 deservire

924 345 969 377 Et
993 354 1043 377 me
1069 348 1122 377 tuo
1149 343 1200 376 fac
1224 343 1318 375 finire

971 393 1078 424 Vitam
1102 394 1135 424 in
1161 393 1304 434 servitio,

926 441 970 474 Ut
996 441 1035 472 de
1063 440 1142 472 duce
1168 441 1271 472 minas
1299 441 1367 472 irae

925 489 987 520 Dei
1012 489 1130 528 possim
1156 489 1345 529 praeterire,

973 537 1072 569 Tutes
1097 537 1129 568 in
1157 537 1287 568 iudicio,

230 624 311 650 Orat.
335 632 386 649 ins.
408 623 605 658 Anglieauum
627 630 703 650 saec.
729 620 772 649 13.
813 621 884 650 Cod.
905 622 1069 650 Londinen.
1090 622 1139 649 Ar.
1162 620 1226 649 201.

595 763 660 794 279.
702 763 744 794 De
765 764 874 794 saneto
895 763 1019 794 Ottone.

180 880 186 886 .
214 855 240 886 O
268 853 441 885 ierusalem
468 861 616 891 superna,

214 903 296 934 Pace
322 900 429 931 fruens
457 901 660 939 sempiterna,

211 949 259 980 Tu
287 949 325 979 de
350 948 513 987 lapidibus
541 948 620 979 vivis

213 997 280 1028 Deo
307 995 378 1026 vivo
405 996 610 1027 construeris.

182 1108 188 1114 .
218 1081 284 1113 Nec
309 1082 440 1113 malleus
467 1090 525 1112 nec
551 1082 670 1112 securis

216 1131 253 1161 ln
282 1131 342 1160 tuis
370 1129 498 1160 auditur
523 1130 631 1166 niuriS,

217 1177 279 1208 Sed
308 1177 441 1216 expoliti
467 1177 593 1216 lapides

217 1226 295 1256 Sunt
323 1225 427 1255 electi.
455 1233 532 1263 quos
559 1225 710 1256 contines.

188 1338 192 1342 .
218 1311 354 1342 Malleos
381 1309 618 1348 percussionum

218 1357 345 1389 Perfert
371 1358 435 1388 vita
461 1357 643 1395 electorum,

220 1404 378 1444 Quamdiu
404 1404 461 1435 sub
488 1414 582 1435 carne
607 1406 714 1444 gemit,

212 1453 298 1484 Dum
328 1451 500 1483 virtutibus
526 1452 664 1490 proficit.

181 1564 187 1570 .
216 1538 275 1576 Qui
304 1539 455 1568 virtutum
480 1536 676 1576 profectibus

217 1585 407 1618 Ascendunt
433 1585 520 1624 quasi
547 1595 605 1624 per
631 1586 747 1624 gradus

216 1633 269 1664 Ad
296 1638 338 1674 te,
366 1636 475 1664 sancta
502 1633 685 1667 Ierusalem,

217 1682 362 1713 Omnium
390 1680 586 1712 credentium
614 1687 758 1716 matrem.

181 1794 186 1799 .
213 1766 286 1798 Illic
313 1776 407 1797 manu
433 1767 565 1798 artificis

212 1815 249 1846 In
280 1815 344 1846 suis
370 1819 531 1853 ponuntur
556 1815 634 1846 locis

216 1863 329 1894 Pusilli
356 1871 423 1893 cum
452 1863 633 1905 maioribUS,

217 1910 315 1941 Senes
343 1919 411 1941 cum
438 1911 624 1943 iunioribus.

179 2021 185 2027 .
213 1996 333 2028 Civitas
359 1996 483 2035 gaudiis
510 1997 616 2039 plena,

214 2044 286 2075 Non
313 2052 384 2083 eges
410 2044 475 2075 sole
502 2053 561 2076 nec
586 2046 670 2082 luna,

214 2092 313 2131 Quam
341 2091 443 2122 lumen
470 2092 609 2124 illustrat
637 2102 745 2125 verum

215 2139 277 2170 Per
302 2140 428 2170 saecula
454 2141 662 2173 saeculorum.

180 2252 186 2258 .
215 2225 357 2263 Corpore
383 2226 493 2257 mortis
519 2231 629 2258 exutas

211 2273 292 2305 Tute
318 2273 452 2313 suscipis
477 2275 608 2312 animas,

211 2322 295 2362 Quas
319 2322 389 2352 sinu
413 2322 527 2361 quietis
555 2323 652 2361 foves,

213 2369 438 2403 Consolatione
464 2371 595 2403 mulces.

863 852 895 885 8.
922 853 960 884 In
986 857 1041 884 tua
1066 853 1144 884 sede
1169 853 1274 884 locata

922 900 1069 932 Gaudeat
1095 900 1173 932 felix
1199 902 1304 932 anima

920 948 972 979 Pii
997 949 1155 988 praesulis
1179 948 1315 989 ottonis,

920 996 1072 1028 Omnibus
1103 997 1204 1027 ditata
1230 995 1330 1029 bonis.

867 1083 897 1115 9.
924 1083 949 1114 O
975 1090 1124 1120 proceres
1150 1082 1295 1123 angelici,

924 1129 1067 1162 Ministri
1094 1130 1176 1170 regis
1202 1131 1336 1166 aeterni,

925 1178 960 1208 In
987 1182 1092 1208 vestro
1119 1178 1324 1209 contubernio

924 1225 1078 1256 Laetetur
1103 1224 1247 1264 pontifex
1275 1226 1359 1259 Otto.

845 1310 901 1343 10.
929 1311 954 1342 O
980 1311 1182 1349 patriarchae
1208 1312 1377 1351 praecelsi,

927 1358 952 1390 Ο
979 1358 1155 1398 prophetae
1182 1359 1249 1390 Deo
1275 1361 1373 1399 pleni,

930 1406 1078 1438 Concivis
1104 1412 1135 1437 et
1162 1407 1352 1439 domesticus

927 1454 1041 1485 Vester
1065 1454 1107 1485 sit
1133 1455 1207 1488 Otto
1234 1455 1355 1487 beatus,

846 1539 899 1572 11.
928 1539 953 1571 Ο
981 1540 1093 1571 cohors
1119 1542 1346 1580 apostolorum,

926 1587 1052 1618 Tenens
1078 1588 1164 1619 orbis
1189 1590 1417 1632 principatum,

927 1635 1043 1666 Tecum
1070 1636 1223 1676 tripudiet
1250 1637 1322 1676 pius

926 1683 1012 1723 Otto,
1040 1683 1089 1714 vir
1113 1685 1318 1724 apostolicus

843 1769 897 1801 12.
924 1769 1085 1810 Martyrio
1111 1770 1287 1809 candidati,

927 1867 964 1897 In
991 1875 1088 1906 regno
1115 1866 1234 1900 Christi
1261 1868 1424 1902 vobiscum

925 1913 1076 1945 Exsultet
1102 1915 1177 1946 Otto
1203 1925 1262 1956 per
1287 1926 1412 1952 aevum.

841 1999 894 2032 13.
921 1999 946 2031 Ο
972 1998 1058 2030 beati
1084 2000 1263 2040 pontifices,

923 2047 948 2079 O
975 2046 1173 2080 confessores
1199 2050 1355 2093 illustres,

921 2095 970 2126 Sit
996 2095 1086 2126 vobis
1111 2098 1288 2129 associatus

922 2143 999 2174 Pius
1025 2144 1100 2175 Otto
1126 2145 1307 2186 episcopus,

841 2229 896 2262 14.
924 2229 1018 2260 Alma
1045 2230 1159 2262 chorea
1187 2231 1356 2275 virginum,

923 2277 1068 2310 Candida
1095 2278 1175 2310 sieut
1201 2279 1314 2321 lilium,

922 2324 1041 2357 Tecum
1067 2323 1179 2358 floreat
1201 2327 1234 2359 in
1260 2338 1372 2362 aevum

921 2373 1055 2405 Praesul
1081 2373 1156 2406 Otto
1181 2379 1255 2408 ante
1281 2377 1395 2410 Deum.
