<?xml version="1.0" encoding="UTF-8"?>
<!DOCTYPE html PUBLIC "-//W3C//DTD XHTML 1.0 Transitional//EN"
    "http://www.w3.org/TR/xhtml1/DTD/xhtml1-transitional.dtd">
<html xmlns="http://www.w3.org/1999/xhtml" xml:lang="en" lang="en">
 <head>
  <title>
</title>
<meta http-equiv="Content-Type" content="text/html;charset=utf-8" />
  <meta name='ocr-system' content='tesseract 3.04.00' />
  <meta name='ocr-capabilities' content='ocr_page ocr_carea ocr_par ocr_line ocrx_word'/>
</head>
<body>
  <div class='ocr_page' id='page_1' title='image "./analectahymnica46drevuoft/analectahymnica46drevuoft_0355.png"; bbox 0 0 1651 2680; ppageno 0'>
   <div class='ocr_carea' id='block_1_1' title="bbox 721 89 977 125">
    <p class='ocr_par' dir='ltr' id='par_1_1' title="bbox 721 89 977 125">
     <span class='ocr_line' id='line_1_1' title="bbox 721 89 977 125; baseline 0 -1"><span class='ocrx_word' id='word_1_1' title='bbox 721 89 977 125; x_wconf 84' lang='lat'>-352—</span> 
     </span>
    </p>
   </div>
   <div class='ocr_carea' id='block_1_2' title="bbox 287 185 1368 465">
    <p class='ocr_par' dir='ltr' id='par_1_2' title="bbox 287 185 1368 465">
     <span class='ocr_line' id='line_1_2' title="bbox 374 185 1134 227; baseline 0 -10"><span class='ocrx_word' id='word_1_2' title='bbox 374 186 463 217; x_wconf 82' lang='lat' dir='ltr'>Vado</span> <span class='ocrx_word' id='word_1_3' title='bbox 488 186 569 217; x_wconf 90' lang='lat' dir='ltr'>mori</span> <span class='ocrx_word' id='word_1_4' title='bbox 594 185 678 226; x_wconf 82' lang='lat' dir='ltr'>regis</span> <span class='ocrx_word' id='word_1_5' title='bbox 704 186 810 218; x_wconf 81' lang='lat' dir='ltr'><strong>clarus</strong></span> <span class='ocrx_word' id='word_1_6' title='bbox 836 186 1029 226; x_wconf 81' lang='lat' dir='ltr'>diademate,</span> <span class='ocrx_word' id='word_1_7' title='bbox 1055 186 1134 227; x_wconf 84' lang='lat' dir='ltr'>legis</span> 
     </span>
     <span class='ocr_line' id='line_1_3' title="bbox 287 233 1105 276; baseline -0.001 -9"><span class='ocrx_word' id='word_1_8' title='bbox 287 236 342 267; x_wconf 87' lang='lat'>40.</span> <span class='ocrx_word' id='word_1_9' title='bbox 419 234 532 266; x_wconf 84' lang='lat' dir='ltr'>Custos</span> <span class='ocrx_word' id='word_1_10' title='bbox 559 238 589 264; x_wconf 84' lang='lat' dir='ltr'>et</span> <span class='ocrx_word' id='word_1_11' title='bbox 614 235 714 265; x_wconf 87' lang='lat' dir='ltr'><strong>iustos</strong></span> <span class='ocrx_word' id='word_1_12' title='bbox 741 238 878 276; x_wconf 84' lang='lat' dir='ltr'><strong>transeo,</strong></span> <span class='ocrx_word' id='word_1_13' title='bbox 907 233 989 265; x_wconf 87' lang='lat' dir='ltr'>vado</span> <span class='ocrx_word' id='word_1_14' title='bbox 1015 234 1105 266; x_wconf 88' lang='lat' dir='ltr'>mori.</span> 
     </span>
     <span class='ocr_line' id='line_1_4' title="bbox 372 279 1368 322; baseline 0.001 -11"><span class='ocrx_word' id='word_1_15' title='bbox 372 281 461 312; x_wconf 85' lang='lat' dir='ltr'>Vado</span> <span class='ocrx_word' id='word_1_16' title='bbox 487 282 586 322; x_wconf 85' lang='lat' dir='ltr'>mori;</span> <span class='ocrx_word' id='word_1_17' title='bbox 615 281 736 322; x_wconf 85' lang='lat' dir='ltr'>bacu1e,</span> <span class='ocrx_word' id='word_1_18' title='bbox 763 281 841 322; x_wconf 91' lang='lat' dir='ltr'>quid</span> <span class='ocrx_word' id='word_1_19' title='bbox 867 285 900 313; x_wconf 86' lang='lat' dir='ltr'>et</span> <span class='ocrx_word' id='word_1_20' title='bbox 923 281 1050 321; x_wconf 81' lang='lat' dir='ltr'><strong>annale,</strong></span> <span class='ocrx_word' id='word_1_21' title='bbox 1079 283 1186 321; x_wconf 85' lang='lat' dir='ltr'>mitra,</span> <span class='ocrx_word' id='word_1_22' title='bbox 1212 279 1368 321; x_wconf 72' lang='lat' dir='ltr'>petistis?</span> 
     </span>
     <span class='ocr_line' id='line_1_5' title="bbox 420 329 1206 370; baseline 0.004 -11"><span class='ocrx_word' id='word_1_23' title='bbox 420 329 536 360; x_wconf 80' lang='lat' dir='ltr'>Tristis</span> <span class='ocrx_word' id='word_1_24' title='bbox 562 330 653 360; x_wconf 82' lang='lat' dir='ltr'>adest</span> <span class='ocrx_word' id='word_1_25' title='bbox 680 329 768 366; x_wconf 89' lang='lat' dir='ltr'><strong>hora,</strong></span> <span class='ocrx_word' id='word_1_26' title='bbox 796 338 854 361; x_wconf 89' lang='lat' dir='ltr'>nec</span> <span class='ocrx_word' id='word_1_27' title='bbox 879 338 978 370; x_wconf 87' lang='lat' dir='ltr'>mora,</span> <span class='ocrx_word' id='word_1_28' title='bbox 1008 330 1089 361; x_wconf 86' lang='lat' dir='ltr'>vado</span> <span class='ocrx_word' id='word_1_29' title='bbox 1114 331 1206 363; x_wconf 88' lang='lat' dir='ltr'>mori.</span> 
     </span>
     <span class='ocr_line' id='line_1_6' title="bbox 375 376 1238 419; baseline 0.002 -13"><span class='ocrx_word' id='word_1_30' title='bbox 375 376 464 407; x_wconf 80' lang='lat' dir='ltr'>Vado</span> <span class='ocrx_word' id='word_1_31' title='bbox 490 378 571 408; x_wconf 88' lang='lat' dir='ltr'><strong>mori</strong></span> <span class='ocrx_word' id='word_1_32' title='bbox 596 386 680 417; x_wconf 81' lang='lat' dir='ltr'>papa</span> <span class='ocrx_word' id='word_1_33' title='bbox 707 377 756 408; x_wconf 83' lang='lat' dir='ltr'>vel</span> <span class='ocrx_word' id='word_1_34' title='bbox 783 381 914 417; x_wconf 80' lang='lat' dir='ltr'><strong>satrapa</strong></span> <span class='ocrx_word' id='word_1_35' title='bbox 939 386 1054 409; x_wconf 87' lang='lat' dir='ltr'><strong>nomen</strong></span> <span class='ocrx_word' id='word_1_36' title='bbox 1079 383 1112 410; x_wconf 85' lang='lat' dir='ltr'>et</span> <span class='ocrx_word' id='word_1_37' title='bbox 1136 386 1238 419; x_wconf 87' lang='lat' dir='ltr'>omen,</span> 
     </span>
     <span class='ocr_line' id='line_1_7' title="bbox 419 424 1176 465; baseline 0.004 -10"><span class='ocrx_word' id='word_1_38' title='bbox 419 424 488 455; x_wconf 83' lang='lat' dir='ltr'>Hoc</span> <span class='ocrx_word' id='word_1_39' title='bbox 514 425 583 456; x_wconf 88' lang='lat' dir='ltr'>leve</span> <span class='ocrx_word' id='word_1_40' title='bbox 609 426 675 456; x_wconf 84' lang='lat' dir='ltr'>sive</span> <span class='ocrx_word' id='word_1_41' title='bbox 703 424 799 456; x_wconf 84' lang='lat' dir='ltr'>breve</span> <span class='ocrx_word' id='word_1_42' title='bbox 826 425 950 465; x_wconf 86' lang='lat' dir='ltr'>desero,</span> <span class='ocrx_word' id='word_1_43' title='bbox 978 425 1060 457; x_wconf 86' lang='lat' dir='ltr'>vado</span> <span class='ocrx_word' id='word_1_44' title='bbox 1085 427 1176 458; x_wconf 89' lang='lat' dir='ltr'><strong>mori.</strong></span> 
     </span>
    </p>
   </div>
   <div class='ocr_carea' id='block_1_3' title="bbox 205 515 1517 670">
    <p class='ocr_par' dir='ltr' id='par_1_3' title="bbox 205 515 1517 670">
     <span class='ocr_line' id='line_1_8' title="bbox 280 515 1514 547; baseline -0.002 -1"><span class='ocrx_word' id='word_1_45' title='bbox 280 518 391 546; x_wconf 80' lang='lat' dir='ltr'>collect</span> <span class='ocrx_word' id='word_1_46' title='bbox 421 527 473 545; x_wconf 82' lang='lat' dir='ltr'>ms.</span> <span class='ocrx_word' id='word_1_47' title='bbox 496 519 525 546; x_wconf 84' lang='lat' dir='ltr'>S.</span> <span class='ocrx_word' id='word_1_48' title='bbox 547 519 647 546; x_wconf 78' lang='lat' dir='ltr'>Iacobi</span> <span class='ocrx_word' id='word_1_49' title='bbox 670 519 809 546; x_wconf 61' lang='lat' dir='ltr'>Leodiem</span> <span class='ocrx_word' id='word_1_50' title='bbox 830 528 906 546; x_wconf 85' lang='lat' dir='ltr'>saec.</span> <span class='ocrx_word' id='word_1_51' title='bbox 930 517 1060 546; x_wconf 89' lang='lat' dir='ltr'>11.-—l4.</span> <span class='ocrx_word' id='word_1_52' title='bbox 1101 520 1171 547; x_wconf 87' lang='lat' dir='ltr'>Cod.</span> <span class='ocrx_word' id='word_1_53' title='bbox 1192 519 1408 546; x_wconf 81' lang='lat' dir='ltr'>Darmstadien.</span> <span class='ocrx_word' id='word_1_54' title='bbox 1432 515 1514 546; x_wconf 83' lang='lat'>1988.</span> 
     </span>
     <span class='ocr_line' id='line_1_9' title="bbox 205 555 1517 593; baseline -0.001 -9"><span class='ocrx_word' id='word_1_55' title='bbox 205 557 271 584; x_wconf 82' lang='lat' dir='ltr'>add.</span> <span class='ocrx_word' id='word_1_56' title='bbox 294 566 368 584; x_wconf 73' lang='lat' dir='ltr'>saec.</span> <span class='ocrx_word' id='word_1_57' title='bbox 390 555 435 582; x_wconf 75' lang='grc'>24.</span> <span class='ocrx_word' id='word_1_58' title='bbox 458 572 493 575; x_wconf 83' lang='grc'>-</span> <span class='ocrx_word' id='word_1_59' title='bbox 521 556 555 584; x_wconf 82' lang='lat'>12</span> <span class='ocrx_word' id='word_1_60' title='bbox 575 558 634 584; x_wconf 82' lang='lat' dir='ltr'>und</span> <span class='ocrx_word' id='word_1_61' title='bbox 659 556 692 583; x_wconf 83' lang='lat'>14</span> <span class='ocrx_word' id='word_1_62' title='bbox 713 557 925 592; x_wconf 79' lang='lat' dir='ltr'><strong>umgetauscht.</strong></span> <span class='ocrx_word' id='word_1_63' title='bbox 946 571 984 575; x_wconf 91' lang='lat'><strong>—</strong></span> <span class='ocrx_word' id='word_1_64' title='bbox 1012 559 1093 591; x_wconf 80' lang='lat' dir='ltr'>„Hos</span> <span class='ocrx_word' id='word_1_65' title='bbox 1114 565 1216 585; x_wconf 76' lang='lat' dir='ltr'>versus</span> <span class='ocrx_word' id='word_1_66' title='bbox 1236 558 1403 593; x_wconf 80' lang='lat' dir='ltr'>composuit</span> <span class='ocrx_word' id='word_1_67' title='bbox 1427 557 1517 584; x_wconf 66' lang='lat' dir='ltr'>stater</span> 
     </span>
     <span class='ocr_line' id='line_1_10' title="bbox 209 595 1517 631; baseline 0 -9"><span class='ocrx_word' id='word_1_68' title='bbox 209 596 255 622; x_wconf 72' lang='lat' dir='ltr'>La</span> <span class='ocrx_word' id='word_1_69' title='bbox 266 606 290 621; x_wconf 83' lang='lat' dir='ltr'><strong>m</strong></span> <span class='ocrx_word' id='word_1_70' title='bbox 302 596 429 622; x_wconf 74' lang='lat' dir='ltr'>bertus</span> <span class='ocrx_word' id='word_1_71' title='bbox 451 595 572 622; x_wconf 83' lang='lat' dir='ltr'>dictus</span> <span class='ocrx_word' id='word_1_72' title='bbox 599 597 743 627; x_wconf 73' lang='lat' dir='ltr'>boreis,</span> <span class='ocrx_word' id='word_1_73' title='bbox 765 597 845 630; x_wconf 82' lang='lat' dir='ltr'><strong>prior</strong></span> <span class='ocrx_word' id='word_1_74' title='bbox 866 596 977 623; x_wconf 88' lang='lat' dir='ltr'>ordinis</span> <span class='ocrx_word' id='word_1_75' title='bbox 999 596 1233 631; x_wconf 84' lang='lat' dir='ltr'><strong>praedicatorum</strong></span> <span class='ocrx_word' id='word_1_76' title='bbox 1254 596 1464 623; x_wconf 87' lang='lat' dir='ltr'><strong>Leodiensium</strong></span> <span class='ocrx_word' id='word_1_77' title='bbox 1486 595 1517 622; x_wconf 86' lang='lat' dir='ltr'>iu</span> 
     </span>
     <span class='ocr_line' id='line_1_11' title="bbox 206 631 1517 670; baseline 0 -10"><span class='ocrx_word' id='word_1_78' title='bbox 206 635 371 660; x_wconf 80' lang='lat' dir='ltr'>extremis.‘·</span> <span class='ocrx_word' id='word_1_79' title='bbox 414 634 478 668; x_wconf 80' lang='lat' dir='ltr'>Vgl.</span> <span class='ocrx_word' id='word_1_80' title='bbox 500 634 555 661; x_wconf 75' lang='lat' dir='ltr'>den</span> <span class='ocrx_word' id='word_1_81' title='bbox 576 634 804 670; x_wconf 59' lang='lat' dir='ltr'><strong>Doppelgfmger</strong></span> <span class='ocrx_word' id='word_1_82' title='bbox 823 634 918 662; x_wconf 86' lang='lat' dir='ltr'>dieses</span> <span class='ocrx_word' id='word_1_83' title='bbox 939 633 1096 661; x_wconf 82' lang='lat' dir='ltr'>Gedichtes</span> <span class='ocrx_word' id='word_1_84' title='bbox 1118 635 1204 662; x_wconf 83' lang='lat' dir='ltr'><strong>Anal.</strong></span> <span class='ocrx_word' id='word_1_85' title='bbox 1222 635 1364 667; x_wconf 74' lang='lat' dir='ltr'>XXXLH,</span> <span class='ocrx_word' id='word_1_86' title='bbox 1385 635 1436 661; x_wconf 85' lang='lat' dir='ltr'>Nr.</span> <span class='ocrx_word' id='word_1_87' title='bbox 1451 631 1517 661; x_wconf 82' lang='grc'>255.</span> 
     </span>
    </p>
   </div>
   <div class='ocr_carea' id='block_1_4' title="bbox 712 785 991 816">
    <p class='ocr_par' dir='ltr' id='par_1_4' title="bbox 712 785 991 816">
     <span class='ocr_line' id='line_1_12' title="bbox 712 785 991 816; baseline -0.007 0"><span class='ocrx_word' id='word_1_88' title='bbox 712 785 778 816; x_wconf 86' lang='lat'>309.</span> <span class='ocrx_word' id='word_1_89' title='bbox 821 785 862 815; x_wconf 83' lang='lat' dir='ltr'>De</span> <span class='ocrx_word' id='word_1_90' title='bbox 884 785 991 815; x_wconf 81' lang='lat' dir='ltr'><strong>Morte.</strong></span> 
     </span>
    </p>
   </div>
   <div class='ocr_carea' id='block_1_5' title="bbox 313 883 1328 2261">
    <p class='ocr_par' dir='ltr' id='par_1_5' title="bbox 395 883 1147 923">
     <span class='ocr_line' id='line_1_13' title="bbox 395 883 1147 923; baseline 0.003 -10"><span class='ocrx_word' id='word_1_91' title='bbox 395 883 482 914; x_wconf 81' lang='lat' dir='ltr'>Mors</span> <span class='ocrx_word' id='word_1_92' title='bbox 509 887 555 913; x_wconf 86' lang='lat' dir='ltr'>est</span> <span class='ocrx_word' id='word_1_93' title='bbox 584 885 727 920; x_wconf 82' lang='lat' dir='ltr'><strong>ventura,</strong></span> <span class='ocrx_word' id='word_1_94' title='bbox 754 883 842 914; x_wconf 88' lang='lat' dir='ltr'>cuius</span> <span class='ocrx_word' id='word_1_95' title='bbox 867 883 1028 916; x_wconf 85' lang='lat' dir='ltr'><strong>conclusio</strong></span> <span class='ocrx_word' id='word_1_96' title='bbox 1055 884 1147 923; x_wconf 84' lang='lat' dir='ltr'>dura,</span> 
     </span>
    </p>

    <p class='ocr_par' dir='ltr' id='par_1_6' title="bbox 395 930 1277 1066">
     <span class='ocr_line' id='line_1_14' title="bbox 395 930 1249 970; baseline 0.001 -9"><span class='ocrx_word' id='word_1_97' title='bbox 395 931 483 962; x_wconf 83' lang='lat' dir='ltr'>Mors</span> <span class='ocrx_word' id='word_1_98' title='bbox 509 939 555 961; x_wconf 84' lang='lat' dir='ltr'>est</span> <span class='ocrx_word' id='word_1_99' title='bbox 583 935 716 962; x_wconf 81' lang='lat' dir='ltr'>ventura</span> <span class='ocrx_word' id='word_1_100' title='bbox 742 930 799 962; x_wconf 85' lang='lat' dir='ltr'>tibi</span> <span class='ocrx_word' id='word_1_101' title='bbox 826 941 884 970; x_wconf 89' lang='lat' dir='ltr'>pro</span> <span class='ocrx_word' id='word_1_102' title='bbox 911 931 1094 970; x_wconf 83' lang='lat' dir='ltr'>meritisque</span> <span class='ocrx_word' id='word_1_103' title='bbox 1122 931 1249 969; x_wconf 80' lang='lat' dir='ltr'><strong>datura,</strong></span> 
     </span>
     <span class='ocr_line' id='line_1_15' title="bbox 396 978 1277 1021; baseline 0 -11"><span class='ocrx_word' id='word_1_104' title='bbox 396 979 484 1010; x_wconf 78' lang='lat' dir='ltr'>Mors</span> <span class='ocrx_word' id='word_1_105' title='bbox 511 982 560 1009; x_wconf 85' lang='lat' dir='ltr'>est</span> <span class='ocrx_word' id='word_1_106' title='bbox 584 982 717 1010; x_wconf 83' lang='lat' dir='ltr'><strong>ventura</strong></span> <span class='ocrx_word' id='word_1_107' title='bbox 743 978 801 1009; x_wconf 87' lang='lat' dir='ltr'>tibi</span> <span class='ocrx_word' id='word_1_108' title='bbox 827 978 948 1018; x_wconf 82' lang='lat' dir='ltr'>grande</span> <span class='ocrx_word' id='word_1_109' title='bbox 975 979 1091 1009; x_wconf 87' lang='lat' dir='ltr'><strong>malum</strong></span> <span class='ocrx_word' id='word_1_110' title='bbox 1118 979 1277 1021; x_wconf 82' lang='lat' dir='ltr'>paritura,</span> 
     </span>
     <span class='ocr_line' id='line_1_16' title="bbox 395 1026 1191 1066; baseline 0.001 -9"><span class='ocrx_word' id='word_1_111' title='bbox 395 1026 483 1057; x_wconf 82' lang='lat' dir='ltr'>Mors</span> <span class='ocrx_word' id='word_1_112' title='bbox 510 1030 558 1057; x_wconf 85' lang='lat' dir='ltr'>est</span> <span class='ocrx_word' id='word_1_113' title='bbox 585 1030 718 1057; x_wconf 73' lang='lat' dir='ltr'>ventura</span> <span class='ocrx_word' id='word_1_114' title='bbox 744 1031 916 1066; x_wconf 80' lang='lat' dir='ltr'>postesque</span> <span class='ocrx_word' id='word_1_115' title='bbox 941 1030 1011 1057; x_wconf 82' lang='lat' dir='ltr'>tuos</span> <span class='ocrx_word' id='word_1_116' title='bbox 1037 1026 1191 1058; x_wconf 87' lang='lat' dir='ltr'>subitura.</span> 
     </span>
    </p>

    <p class='ocr_par' dir='ltr' id='par_1_7' title="bbox 341 1073 1239 1304">
     <span class='ocr_line' id='line_1_17' title="bbox 341 1073 1234 1115; baseline -0.001 -9"><span class='ocrx_word' id='word_1_117' title='bbox 341 1077 371 1106; x_wconf 88' lang='lat'>5.</span> <span class='ocrx_word' id='word_1_118' title='bbox 400 1074 488 1104; x_wconf 83' lang='lat' dir='ltr'><strong>Mors</strong></span> <span class='ocrx_word' id='word_1_119' title='bbox 515 1078 560 1104; x_wconf 81' lang='lat' dir='ltr'>est</span> <span class='ocrx_word' id='word_1_120' title='bbox 590 1078 722 1105; x_wconf 84' lang='lat' dir='ltr'><strong>ventura</strong></span> <span class='ocrx_word' id='word_1_121' title='bbox 748 1083 843 1114; x_wconf 84' lang='lat' dir='ltr'>prece</span> <span class='ocrx_word' id='word_1_122' title='bbox 869 1083 926 1105; x_wconf 85' lang='lat' dir='ltr'>nec</span> <span class='ocrx_word' id='word_1_123' title='bbox 953 1075 1056 1113; x_wconf 82' lang='lat' dir='ltr'>pretio</span> <span class='ocrx_word' id='word_1_124' title='bbox 1084 1073 1234 1115; x_wconf 82' lang='lat' dir='ltr'>fugitura,</span> 
     </span>
     <span class='ocr_line' id='line_1_18' title="bbox 398 1122 1199 1162; baseline 0.002 -10"><span class='ocrx_word' id='word_1_125' title='bbox 398 1122 487 1152; x_wconf 74' lang='lat' dir='ltr'>Mors</span> <span class='ocrx_word' id='word_1_126' title='bbox 514 1125 561 1152; x_wconf 85' lang='lat' dir='ltr'>est</span> <span class='ocrx_word' id='word_1_127' title='bbox 587 1126 730 1160; x_wconf 78' lang='lat' dir='ltr'>ventura,</span> <span class='ocrx_word' id='word_1_128' title='bbox 758 1131 796 1152; x_wconf 78' lang='lat' dir='ltr'>ne</span> <span class='ocrx_word' id='word_1_129' title='bbox 823 1122 894 1162; x_wconf 88' lang='lat' dir='ltr'><strong>plus</strong></span> <span class='ocrx_word' id='word_1_130' title='bbox 921 1122 1021 1161; x_wconf 83' lang='lat' dir='ltr'>vivas,</span> <span class='ocrx_word' id='word_1_131' title='bbox 1051 1123 1199 1161; x_wconf 68' lang='lat' dir='ltr'>vatitura,</span> 
     </span>
     <span class='ocr_line' id='line_1_19' title="bbox 394 1169 1239 1208; baseline 0.002 -9"><span class='ocrx_word' id='word_1_132' title='bbox 394 1169 484 1199; x_wconf 83' lang='lat' dir='ltr'>Mors</span> <span class='ocrx_word' id='word_1_133' title='bbox 510 1173 557 1200; x_wconf 87' lang='lat' dir='ltr'>est</span> <span class='ocrx_word' id='word_1_134' title='bbox 583 1173 727 1206; x_wconf 76' lang='lat' dir='ltr'><strong>ventura,</strong></span> <span class='ocrx_word' id='word_1_135' title='bbox 755 1175 905 1208; x_wconf 77' lang='lat' dir='ltr'><strong>quantum</strong></span> <span class='ocrx_word' id='word_1_136' title='bbox 932 1169 1040 1207; x_wconf 78' lang='lat' dir='ltr'>debes⁷</span> <span class='ocrx_word' id='word_1_137' title='bbox 1070 1171 1239 1208; x_wconf 80' lang='lat' dir='ltr'>monitura,</span> 
     </span>
     <span class='ocr_line' id='line_1_20' title="bbox 394 1216 1192 1257; baseline 0.004 -11"><span class='ocrx_word' id='word_1_138' title='bbox 394 1216 483 1247; x_wconf 83' lang='lat' dir='ltr'>Mors</span> <span class='ocrx_word' id='word_1_139' title='bbox 510 1221 556 1247; x_wconf 84' lang='lat' dir='ltr'>est</span> <span class='ocrx_word' id='word_1_140' title='bbox 584 1220 726 1257; x_wconf 73' lang='lat' dir='ltr'>ventura,</span> <span class='ocrx_word' id='word_1_141' title='bbox 753 1221 788 1247; x_wconf 84' lang='lat' dir='ltr'>ut</span> <span class='ocrx_word' id='word_1_142' title='bbox 813 1222 845 1249; x_wconf 82' lang='grc' dir='ltr'>ῐθ</span> <span class='ocrx_word' id='word_1_143' title='bbox 870 1217 977 1249; x_wconf 80' lang='lat' dir='ltr'>trahat</span> <span class='ocrx_word' id='word_1_144' title='bbox 1003 1218 1192 1256; x_wconf 64' lang='lat' dir='ltr'>ineditum,</span> 
     </span>
     <span class='ocr_line' id='line_1_21' title="bbox 394 1264 1203 1304; baseline 0.002 -10"><span class='ocrx_word' id='word_1_145' title='bbox 394 1264 482 1294; x_wconf 86' lang='lat' dir='ltr'><strong>Mors</strong></span> <span class='ocrx_word' id='word_1_146' title='bbox 509 1269 557 1295; x_wconf 84' lang='lat' dir='ltr'>est</span> <span class='ocrx_word' id='word_1_147' title='bbox 582 1269 724 1303; x_wconf 71' lang='lat' dir='ltr'>ventura,</span> <span class='ocrx_word' id='word_1_148' title='bbox 751 1265 811 1295; x_wconf 87' lang='lat' dir='ltr'><strong>nisi</strong></span> <span class='ocrx_word' id='word_1_149' title='bbox 838 1269 869 1295; x_wconf 87' lang='lat' dir='ltr'>te</span> <span class='ocrx_word' id='word_1_150' title='bbox 896 1265 1011 1304; x_wconf 65' lang='lat' dir='ltr'>rapiat,</span> <span class='ocrx_word' id='word_1_151' title='bbox 1039 1266 1203 1300; x_wconf 81' lang='lat' dir='ltr'><strong>moritura.</strong></span> 
     </span>
    </p>

    <p class='ocr_par' dir='ltr' id='par_1_8' title="bbox 313 1311 1224 1401">
     <span class='ocr_line' id='line_1_22' title="bbox 313 1311 1224 1352; baseline 0.001 -9"><span class='ocrx_word' id='word_1_152' title='bbox 313 1312 366 1343; x_wconf 92' lang='grc'>10.</span> <span class='ocrx_word' id='word_1_153' title='bbox 394 1311 482 1342; x_wconf 70' lang='lat' dir='ltr'>Mors</span> <span class='ocrx_word' id='word_1_154' title='bbox 509 1316 556 1342; x_wconf 76' lang='lat' dir='ltr'>est</span> <span class='ocrx_word' id='word_1_155' title='bbox 583 1316 715 1343; x_wconf 81' lang='lat' dir='ltr'>ventura</span> <span class='ocrx_word' id='word_1_156' title='bbox 741 1312 799 1342; x_wconf 89' lang='lat' dir='ltr'>tibi</span> <span class='ocrx_word' id='word_1_157' title='bbox 826 1316 953 1352; x_wconf 79' lang='lat' dir='ltr'>treugas</span> <span class='ocrx_word' id='word_1_158' title='bbox 979 1322 1040 1343; x_wconf 89' lang='lat' dir='ltr'>non</span> <span class='ocrx_word' id='word_1_159' title='bbox 1068 1313 1224 1344; x_wconf 81' lang='lat' dir='ltr'>habitura.</span> 
     </span>
     <span class='ocr_line' id='line_1_23' title="bbox 396 1358 1157 1401; baseline 0.001 -12"><span class='ocrx_word' id='word_1_160' title='bbox 396 1359 484 1389; x_wconf 73' lang='lat' dir='ltr'><strong>Mors</strong></span> <span class='ocrx_word' id='word_1_161' title='bbox 511 1364 559 1390; x_wconf 79' lang='lat' dir='ltr'>est</span> <span class='ocrx_word' id='word_1_162' title='bbox 584 1362 718 1390; x_wconf 80' lang='lat' dir='ltr'>ventura</span> <span class='ocrx_word' id='word_1_163' title='bbox 742 1358 837 1390; x_wconf 82' lang='lat' dir='ltr'>finem</span> <span class='ocrx_word' id='word_1_164' title='bbox 863 1370 936 1392; x_wconf 76' lang='lat' dir='ltr'>mox</span> <span class='ocrx_word' id='word_1_165' title='bbox 963 1360 1157 1401; x_wconf 76' lang='lat' dir='ltr'>exhibitura,</span> 
     </span>
    </p>

    <p class='ocr_par' dir='ltr' id='par_1_9' title="bbox 397 1406 1282 1542">
     <span class='ocr_line' id='line_1_24' title="bbox 398 1406 1282 1448; baseline 0.003 -12"><span class='ocrx_word' id='word_1_166' title='bbox 398 1406 487 1436; x_wconf 83' lang='lat' dir='ltr'><strong>Mors</strong></span> <span class='ocrx_word' id='word_1_167' title='bbox 513 1411 561 1437; x_wconf 80' lang='lat' dir='ltr'>est</span> <span class='ocrx_word' id='word_1_168' title='bbox 586 1412 729 1444; x_wconf 74' lang='lat' dir='ltr'>ventura,</span> <span class='ocrx_word' id='word_1_169' title='bbox 757 1416 815 1445; x_wconf 76' lang='lat' dir='ltr'>per</span> <span class='ocrx_word' id='word_1_170' title='bbox 841 1417 932 1446; x_wconf 85' lang='lat' dir='ltr'><strong>quam</strong></span> <span class='ocrx_word' id='word_1_171' title='bbox 959 1412 1013 1438; x_wconf 73' lang='lat' dir='ltr'>tua</span> <span class='ocrx_word' id='word_1_172' title='bbox 1041 1417 1100 1439; x_wconf 90' lang='lat' dir='ltr'>vox</span> <span class='ocrx_word' id='word_1_173' title='bbox 1127 1409 1282 1448; x_wconf 83' lang='lat' dir='ltr'>peritura,</span> 
     </span>
     <span class='ocr_line' id='line_1_25' title="bbox 399 1453 1238 1496; baseline 0.004 -12"><span class='ocrx_word' id='word_1_174' title='bbox 399 1453 488 1484; x_wconf 86' lang='lat' dir='ltr'>Mors</span> <span class='ocrx_word' id='word_1_175' title='bbox 515 1459 561 1484; x_wconf 85' lang='lat' dir='ltr'>est</span> <span class='ocrx_word' id='word_1_176' title='bbox 588 1458 722 1485; x_wconf 84' lang='lat' dir='ltr'>ventura</span> <span class='ocrx_word' id='word_1_177' title='bbox 747 1454 814 1485; x_wconf 86' lang='lat' dir='ltr'>sine</span> <span class='ocrx_word' id='word_1_178' title='bbox 841 1460 872 1485; x_wconf 83' lang='grc' dir='ltr'>ῑθ</span> <span class='ocrx_word' id='word_1_179' title='bbox 898 1464 1028 1494; x_wconf 74' lang='lat' dir='ltr'>prorsus</span> <span class='ocrx_word' id='word_1_180' title='bbox 1056 1465 1118 1486; x_wconf 91' lang='lat' dir='ltr'>non</span> <span class='ocrx_word' id='word_1_181' title='bbox 1144 1456 1238 1496; x_wconf 87' lang='lat' dir='ltr'>itura,</span> 
     </span>
     <span class='ocr_line' id='line_1_26' title="bbox 397 1501 1208 1542; baseline 0.005 -11"><span class='ocrx_word' id='word_1_182' title='bbox 397 1501 486 1531; x_wconf 85' lang='lat' dir='ltr'>Mors</span> <span class='ocrx_word' id='word_1_183' title='bbox 512 1506 560 1532; x_wconf 79' lang='lat' dir='ltr'>est</span> <span class='ocrx_word' id='word_1_184' title='bbox 587 1506 728 1540; x_wconf 78' lang='lat' dir='ltr'>ventura,</span> <span class='ocrx_word' id='word_1_185' title='bbox 757 1511 825 1541; x_wconf 84' lang='lat' dir='ltr'><strong>nec,</strong></span> <span class='ocrx_word' id='word_1_186' title='bbox 853 1502 960 1542; x_wconf 84' lang='lat' dir='ltr'>credo,</span> <span class='ocrx_word' id='word_1_187' title='bbox 988 1504 1032 1533; x_wconf 87' lang='lat' dir='ltr'>tui</span> <span class='ocrx_word' id='word_1_188' title='bbox 1060 1504 1208 1535; x_wconf 79' lang='lat' dir='ltr'><strong>caritura.</strong></span> 
     </span>
    </p>

    <p class='ocr_par' dir='ltr' id='par_1_10' title="bbox 317 1548 1280 1781">
     <span class='ocr_line' id='line_1_27' title="bbox 317 1548 1244 1591; baseline 0.002 -11"><span class='ocrx_word' id='word_1_189' title='bbox 317 1550 370 1580; x_wconf 88' lang='grc'>15.</span> <span class='ocrx_word' id='word_1_190' title='bbox 398 1548 486 1579; x_wconf 86' lang='lat' dir='ltr'>Mors</span> <span class='ocrx_word' id='word_1_191' title='bbox 515 1554 561 1580; x_wconf 85' lang='lat' dir='ltr'>est</span> <span class='ocrx_word' id='word_1_192' title='bbox 587 1556 731 1589; x_wconf 67' lang='lat' dir='ltr'>ventura,</span> <span class='ocrx_word' id='word_1_193' title='bbox 760 1549 819 1583; x_wconf 25' lang='lat' dir='ltr'>fac*</span> <span class='ocrx_word' id='word_1_194' title='bbox 848 1555 881 1580; x_wconf 84' lang='lat' dir='ltr'>ut</span> <span class='ocrx_word' id='word_1_195' title='bbox 908 1550 971 1581; x_wconf 76' lang='lat' dir='ltr'>sint</span> <span class='ocrx_word' id='word_1_196' title='bbox 998 1556 1127 1589; x_wconf 75' lang='lat' dir='ltr'>pectora</span> <span class='ocrx_word' id='word_1_197' title='bbox 1152 1560 1244 1591; x_wconf 86' lang='lat' dir='ltr'>pura,</span> 
     </span>
     <span class='ocr_line' id='line_1_28' title="bbox 396 1596 1280 1640; baseline 0.002 -12"><span class='ocrx_word' id='word_1_198' title='bbox 396 1597 486 1628; x_wconf 84' lang='lat' dir='ltr'>Mors</span> <span class='ocrx_word' id='word_1_199' title='bbox 512 1602 558 1627; x_wconf 86' lang='lat' dir='ltr'>est</span> <span class='ocrx_word' id='word_1_200' title='bbox 586 1602 729 1635; x_wconf 78' lang='lat' dir='ltr'><strong>ventura,</strong></span> <span class='ocrx_word' id='word_1_201' title='bbox 757 1607 849 1637; x_wconf 84' lang='lat' dir='ltr'>quam</span> <span class='ocrx_word' id='word_1_202' title='bbox 876 1607 938 1629; x_wconf 89' lang='lat' dir='ltr'>non</span> <span class='ocrx_word' id='word_1_203' title='bbox 965 1596 1053 1637; x_wconf 83' lang='lat' dir='ltr'>fugat</span> <span class='ocrx_word' id='word_1_204' title='bbox 1078 1599 1144 1630; x_wconf 85' lang='lat' dir='ltr'>ulla</span> <span class='ocrx_word' id='word_1_205' title='bbox 1170 1598 1280 1640; x_wconf 78' lang='lat' dir='ltr'>figura,</span> 
     </span>
     <span class='ocr_line' id='line_1_29' title="bbox 400 1644 1250 1688; baseline 0.002 -13"><span class='ocrx_word' id='word_1_206' title='bbox 400 1645 490 1675; x_wconf 82' lang='lat' dir='ltr'>Mors</span> <span class='ocrx_word' id='word_1_207' title='bbox 517 1648 563 1675; x_wconf 77' lang='lat' dir='ltr'>est</span> <span class='ocrx_word' id='word_1_208' title='bbox 590 1649 733 1684; x_wconf 63' lang='lat' dir='ltr'>ventura,</span> <span class='ocrx_word' id='word_1_209' title='bbox 761 1654 841 1684; x_wconf 80' lang='lat' dir='ltr'>quae</span> <span class='ocrx_word' id='word_1_210' title='bbox 868 1644 1038 1685; x_wconf 79' lang='lat' dir='ltr'>confringit</span> <span class='ocrx_word' id='word_1_211' title='bbox 1064 1651 1119 1677; x_wconf 71' lang='lat' dir='ltr'>tua</span> <span class='ocrx_word' id='word_1_212' title='bbox 1146 1655 1250 1688; x_wconf 80' lang='lat' dir='ltr'>crura,</span> 
     </span>
     <span class='ocr_line' id='line_1_30' title="bbox 400 1692 1217 1733; baseline 0.005 -11"><span class='ocrx_word' id='word_1_213' title='bbox 400 1692 489 1723; x_wconf 81' lang='lat' dir='ltr'><strong>Mors</strong></span> <span class='ocrx_word' id='word_1_214' title='bbox 515 1696 563 1723; x_wconf 86' lang='lat' dir='ltr'>est</span> <span class='ocrx_word' id='word_1_215' title='bbox 590 1697 734 1731; x_wconf 79' lang='lat' dir='ltr'>ventura,</span> <span class='ocrx_word' id='word_1_216' title='bbox 762 1693 876 1732; x_wconf 79' lang='lat' dir='ltr'>nescis,</span> <span class='ocrx_word' id='word_1_217' title='bbox 903 1702 983 1733; x_wconf 86' lang='lat' dir='ltr'>quae</span> <span class='ocrx_word' id='word_1_218' title='bbox 1010 1694 1074 1725; x_wconf 81' lang='lat' dir='ltr'><strong>vita</strong></span> <span class='ocrx_word' id='word_1_219' title='bbox 1100 1694 1217 1726; x_wconf 78' lang='lat' dir='ltr'><strong>futura.</strong></span> 
     </span>
     <span class='ocr_line' id='line_1_31' title="bbox 399 1740 1266 1781; baseline 0.005 -11"><span class='ocrx_word' id='word_1_220' title='bbox 399 1740 488 1771; x_wconf 84' lang='lat' dir='ltr'>Mors</span> <span class='ocrx_word' id='word_1_221' title='bbox 512 1744 560 1771; x_wconf 79' lang='lat' dir='ltr'>est</span> <span class='ocrx_word' id='word_1_222' title='bbox 587 1744 729 1780; x_wconf 78' lang='lat' dir='ltr'><strong>ventura,</strong></span> <span class='ocrx_word' id='word_1_223' title='bbox 756 1741 832 1780; x_wconf 86' lang='lat' dir='ltr'>quid</span> <span class='ocrx_word' id='word_1_224' title='bbox 859 1746 931 1781; x_wconf 84' lang='lat' dir='ltr'>aget</span> <span class='ocrx_word' id='word_1_225' title='bbox 955 1750 1092 1780; x_wconf 83' lang='lat' dir='ltr'>procera</span> <span class='ocrx_word' id='word_1_226' title='bbox 1118 1742 1266 1774; x_wconf 77' lang='lat' dir='ltr'>statura?</span> 
     </span>
    </p>

    <p class='ocr_par' dir='ltr' id='par_1_11' title="bbox 316 1787 1328 2021">
     <span class='ocr_line' id='line_1_32' title="bbox 316 1787 1262 1829; baseline 0.003 -11"><span class='ocrx_word' id='word_1_227' title='bbox 316 1787 372 1818; x_wconf 86' lang='lat'>20.</span> <span class='ocrx_word' id='word_1_228' title='bbox 399 1788 488 1818; x_wconf 82' lang='lat' dir='ltr'>Mors</span> <span class='ocrx_word' id='word_1_229' title='bbox 515 1792 562 1818; x_wconf 83' lang='lat' dir='ltr'>est</span> <span class='ocrx_word' id='word_1_230' title='bbox 589 1792 732 1829; x_wconf 83' lang='lat' dir='ltr'>ventura,</span> <span class='ocrx_word' id='word_1_231' title='bbox 760 1788 835 1828; x_wconf 73' lang='lat' dir='ltr'>quid</span> <span class='ocrx_word' id='word_1_232' title='bbox 865 1790 924 1820; x_wconf 84' lang='lat' dir='ltr'>erit</span> <span class='ocrx_word' id='word_1_233' title='bbox 951 1789 990 1820; x_wconf 88' lang='lat' dir='ltr'>de</span> <span class='ocrx_word' id='word_1_234' title='bbox 1016 1790 1262 1829; x_wconf 77' lang='lat' dir='ltr'>praepositura?</span> 
     </span>
     <span class='ocr_line' id='line_1_33' title="bbox 402 1835 1222 1878; baseline 0.004 -12"><span class='ocrx_word' id='word_1_235' title='bbox 402 1835 490 1866; x_wconf 85' lang='lat' dir='ltr'><strong>Mors</strong></span> <span class='ocrx_word' id='word_1_236' title='bbox 517 1840 565 1867; x_wconf 83' lang='lat' dir='ltr'>est</span> <span class='ocrx_word' id='word_1_237' title='bbox 590 1841 735 1874; x_wconf 81' lang='lat' dir='ltr'><strong>ventura,</strong></span> <span class='ocrx_word' id='word_1_238' title='bbox 764 1837 909 1868; x_wconf 79' lang='lat' dir='ltr'>doctrina</span> <span class='ocrx_word' id='word_1_239' title='bbox 936 1846 1047 1875; x_wconf 76' lang='lat' dir='ltr'>parum</span> <span class='ocrx_word' id='word_1_240' title='bbox 1074 1839 1222 1878; x_wconf 75' lang='lat' dir='ltr'>valitura,</span> 
     </span>
     <span class='ocr_line' id='line_1_34' title="bbox 401 1883 1328 1923; baseline 0.005 -9"><span class='ocrx_word' id='word_1_241' title='bbox 401 1883 492 1914; x_wconf 85' lang='lat' dir='ltr'>Mors</span> <span class='ocrx_word' id='word_1_242' title='bbox 518 1888 566 1915; x_wconf 84' lang='lat' dir='ltr'>est</span> <span class='ocrx_word' id='word_1_243' title='bbox 592 1887 736 1923; x_wconf 81' lang='lat' dir='ltr'>ventura,</span> <span class='ocrx_word' id='word_1_244' title='bbox 763 1892 843 1923; x_wconf 83' lang='lat' dir='ltr'><strong>quae</strong></span> <span class='ocrx_word' id='word_1_245' title='bbox 870 1893 953 1915; x_wconf 87' lang='lat' dir='ltr'><strong>nunc</strong></span> <span class='ocrx_word' id='word_1_246' title='bbox 979 1889 1067 1916; x_wconf 82' lang='lat' dir='ltr'>stans</span> <span class='ocrx_word' id='word_1_247' title='bbox 1090 1886 1167 1917; x_wconf 84' lang='lat' dir='ltr'><strong>urbs</strong></span> <span class='ocrx_word' id='word_1_248' title='bbox 1194 1886 1328 1920; x_wconf 87' lang='lat' dir='ltr'>ruitura.</span> 
     </span>
     <span class='ocr_line' id='line_1_35' title="bbox 401 1930 1281 1976; baseline 0.006 -15"><span class='ocrx_word' id='word_1_249' title='bbox 401 1931 491 1962; x_wconf 83' lang='lat' dir='ltr'>Mors</span> <span class='ocrx_word' id='word_1_250' title='bbox 518 1936 565 1962; x_wconf 82' lang='lat' dir='ltr'>est</span> <span class='ocrx_word' id='word_1_251' title='bbox 591 1936 734 1973; x_wconf 82' lang='lat' dir='ltr'>ventura,</span> <span class='ocrx_word' id='word_1_252' title='bbox 763 1936 816 1962; x_wconf 80' lang='lat' dir='ltr'>tua</span> <span class='ocrx_word' id='word_1_253' title='bbox 843 1930 918 1963; x_wconf 82' lang='lat' dir='ltr'><strong>faux</strong></span> <span class='ocrx_word' id='word_1_254' title='bbox 944 1942 1004 1963; x_wconf 89' lang='lat' dir='ltr'>non</span> <span class='ocrx_word' id='word_1_255' title='bbox 1031 1933 1103 1972; x_wconf 87' lang='lat' dir='ltr'>plus</span> <span class='ocrx_word' id='word_1_256' title='bbox 1128 1933 1281 1976; x_wconf 80' lang='lat' dir='ltr'>bibitura,</span> 
     </span>
     <span class='ocr_line' id='line_1_36' title="bbox 402 1979 1266 2021; baseline 0.005 -12"><span class='ocrx_word' id='word_1_257' title='bbox 402 1979 491 2010; x_wconf 85' lang='lat' dir='ltr'>Mors</span> <span class='ocrx_word' id='word_1_258' title='bbox 517 1984 564 2010; x_wconf 87' lang='lat' dir='ltr'>est</span> <span class='ocrx_word' id='word_1_259' title='bbox 590 1983 732 2021; x_wconf 72' lang='lat' dir='ltr'><strong>ventura,</strong></span> <span class='ocrx_word' id='word_1_260' title='bbox 761 1983 814 2010; x_wconf 84' lang='lat' dir='ltr'>tua</span> <span class='ocrx_word' id='word_1_261' title='bbox 839 1980 945 2019; x_wconf 84' lang='lat' dir='ltr'>lingua</span> <span class='ocrx_word' id='word_1_262' title='bbox 971 1990 1092 2019; x_wconf 83' lang='lat' dir='ltr'><strong>procax</strong></span> <span class='ocrx_word' id='word_1_263' title='bbox 1119 1982 1266 2015; x_wconf 85' lang='lat' dir='ltr'>tacitura.</span> 
     </span>
    </p>

    <p class='ocr_par' dir='ltr' id='par_1_12' title="bbox 320 2026 1312 2261">
     <span class='ocr_line' id='line_1_37' title="bbox 320 2026 1281 2069; baseline 0.004 -12"><span class='ocrx_word' id='word_1_264' title='bbox 320 2027 374 2058; x_wconf 86' lang='lat'>25.</span> <span class='ocrx_word' id='word_1_265' title='bbox 401 2026 491 2058; x_wconf 86' lang='lat' dir='ltr'>Mors</span> <span class='ocrx_word' id='word_1_266' title='bbox 515 2032 561 2058; x_wconf 86' lang='lat' dir='ltr'>est</span> <span class='ocrx_word' id='word_1_267' title='bbox 589 2030 731 2065; x_wconf 84' lang='lat' dir='ltr'><strong>ventura,</strong></span> <span class='ocrx_word' id='word_1_268' title='bbox 758 2036 820 2058; x_wconf 87' lang='lat' dir='ltr'>non</span> <span class='ocrx_word' id='word_1_269' title='bbox 846 2026 907 2065; x_wconf 84' lang='lat' dir='ltr'><strong>fac,</strong></span> <span class='ocrx_word' id='word_1_270' title='bbox 933 2037 1012 2067; x_wconf 81' lang='lat' dir='ltr'><strong>quae</strong></span> <span class='ocrx_word' id='word_1_271' title='bbox 1038 2029 1100 2060; x_wconf 87' lang='lat' dir='ltr'>scis</span> <span class='ocrx_word' id='word_1_272' title='bbox 1125 2031 1281 2069; x_wconf 77' lang='lat' dir='ltr'>nocitura,</span> 
     </span>
     <span class='ocr_line' id='line_1_38' title="bbox 401 2073 1270 2116; baseline 0.005 -11"><span class='ocrx_word' id='word_1_273' title='bbox 401 2074 491 2105; x_wconf 85' lang='lat' dir='ltr'>Mors</span> <span class='ocrx_word' id='word_1_274' title='bbox 517 2080 565 2106; x_wconf 83' lang='lat' dir='ltr'>est</span> <span class='ocrx_word' id='word_1_275' title='bbox 592 2078 734 2116; x_wconf 82' lang='lat' dir='ltr'><strong>ventura,</strong></span> <span class='ocrx_word' id='word_1_276' title='bbox 762 2073 814 2106; x_wconf 72' lang='lat' dir='ltr'>fae</span> <span class='ocrx_word' id='word_1_277' title='bbox 839 2085 981 2114; x_wconf 85' lang='lat' dir='ltr'>quaeque</span> <span class='ocrx_word' id='word_1_278' title='bbox 1007 2076 1075 2109; x_wconf 88' lang='lat' dir='ltr'>Deo</span> <span class='ocrx_word' id='word_1_279' title='bbox 1101 2077 1270 2116; x_wconf 85' lang='lat' dir='ltr'>placitura.</span> 
     </span>
     <span class='ocr_line' id='line_1_39' title="bbox 402 2122 1257 2165; baseline 0.006 -13"><span class='ocrx_word' id='word_1_280' title='bbox 402 2122 491 2153; x_wconf 83' lang='lat' dir='ltr'>Mors</span> <span class='ocrx_word' id='word_1_281' title='bbox 518 2127 567 2154; x_wconf 79' lang='lat' dir='ltr'>est</span> <span class='ocrx_word' id='word_1_282' title='bbox 592 2127 735 2161; x_wconf 83' lang='lat' dir='ltr'>ventura,</span> <span class='ocrx_word' id='word_1_283' title='bbox 762 2131 821 2153; x_wconf 86' lang='lat' dir='ltr'>nee</span> <span class='ocrx_word' id='word_1_284' title='bbox 846 2132 896 2154; x_wconf 83' lang='lat' dir='ltr'>me</span> <span class='ocrx_word' id='word_1_285' title='bbox 922 2132 1023 2163; x_wconf 86' lang='lat' dir='ltr'>neque</span> <span class='ocrx_word' id='word_1_286' title='bbox 1049 2128 1080 2155; x_wconf 79' lang='lat' dir='ltr'>te</span> <span class='ocrx_word' id='word_1_287' title='bbox 1106 2126 1257 2165; x_wconf 73' lang='lat' dir='ltr'>veritum,</span> 
     </span>
     <span class='ocr_line' id='line_1_40' title="bbox 402 2170 1301 2210; baseline 0.007 -10"><span class='ocrx_word' id='word_1_288' title='bbox 402 2170 492 2201; x_wconf 85' lang='lat' dir='ltr'>Mors</span> <span class='ocrx_word' id='word_1_289' title='bbox 518 2176 566 2202; x_wconf 84' lang='lat' dir='ltr'>est</span> <span class='ocrx_word' id='word_1_290' title='bbox 594 2174 737 2209; x_wconf 86' lang='lat' dir='ltr'><strong>ventura,</strong></span> <span class='ocrx_word' id='word_1_291' title='bbox 764 2179 825 2202; x_wconf 90' lang='lat' dir='ltr'>non</span> <span class='ocrx_word' id='word_1_292' title='bbox 852 2170 913 2210; x_wconf 84' lang='lat' dir='ltr'>fac,</span> <span class='ocrx_word' id='word_1_293' title='bbox 940 2181 1020 2210; x_wconf 82' lang='lat' dir='ltr'>quae</span> <span class='ocrx_word' id='word_1_294' title='bbox 1046 2177 1120 2204; x_wconf 82' lang='lat' dir='ltr'>sunt</span> <span class='ocrx_word' id='word_1_295' title='bbox 1145 2173 1301 2208; x_wconf 83' lang='lat' dir='ltr'>nocitura.</span> 
     </span>
     <span class='ocr_line' id='line_1_41' title="bbox 403 2217 1312 2261; baseline 0.007 -13"><span class='ocrx_word' id='word_1_296' title='bbox 403 2217 492 2249; x_wconf 89' lang='lat' dir='ltr'>Mors</span> <span class='ocrx_word' id='word_1_297' title='bbox 519 2223 565 2250; x_wconf 87' lang='lat' dir='ltr'>est</span> <span class='ocrx_word' id='word_1_298' title='bbox 592 2222 735 2258; x_wconf 85' lang='lat' dir='ltr'>ventura,</span> <span class='ocrx_word' id='word_1_299' title='bbox 761 2219 846 2258; x_wconf 87' lang='lat' dir='ltr'>quod</span> <span class='ocrx_word' id='word_1_300' title='bbox 873 2224 1027 2261; x_wconf 82' lang='lat' dir='ltr'>emantur,</span> <span class='ocrx_word' id='word_1_301' title='bbox 1056 2219 1117 2260; x_wconf 82' lang='lat' dir='ltr'><strong>fac,</strong></span> <span class='ocrx_word' id='word_1_302' title='bbox 1145 2222 1203 2252; x_wconf 90' lang='lat' dir='ltr'>tibi</span> <span class='ocrx_word' id='word_1_303' title='bbox 1229 2225 1312 2256; x_wconf 85' lang='lat' dir='ltr'>tura.</span> 
     </span>
    </p>
   </div>
   <div class='ocr_carea' id='block_1_6' title="bbox 204 2311 1523 2430">
    <p class='ocr_par' dir='ltr' id='par_1_13' title="bbox 204 2311 1523 2430">
     <span class='ocr_line' id='line_1_42' title="bbox 282 2311 1523 2357; baseline 0.006 -19"><span class='ocrx_word' id='word_1_304' title='bbox 282 2312 403 2339; x_wconf 82' lang='lat' dir='ltr'>Collect.</span> <span class='ocrx_word' id='word_1_305' title='bbox 426 2321 478 2338; x_wconf 87' lang='lat' dir='ltr'>ms.</span> <span class='ocrx_word' id='word_1_306' title='bbox 499 2312 720 2340; x_wconf 76' lang='lat' dir='ltr'>Ebersbacense</span> <span class='ocrx_word' id='word_1_307' title='bbox 741 2321 815 2340; x_wconf 85' lang='lat' dir='ltr'>saec.</span> <span class='ocrx_word' id='word_1_308' title='bbox 840 2311 883 2340; x_wconf 84' lang='lat'>15.</span> <span class='ocrx_word' id='word_1_309' title='bbox 925 2313 999 2340; x_wconf 89' lang='lat' dir='ltr'><strong>Clm.</strong></span> <span class='ocrx_word' id='word_1_310' title='bbox 1020 2314 1173 2343; x_wconf 86' lang='lat' dir='ltr'><strong>Monacen.</strong></span> <span class='ocrx_word' id='word_1_311' title='bbox 1195 2313 1281 2343; x_wconf 84' lang='lat'>6033.</span> <span class='ocrx_word' id='word_1_312' title='bbox 1302 2332 1339 2338; x_wconf 91' lang='lat'><strong>—</strong></span> <span class='ocrx_word' id='word_1_313' title='bbox 1360 2316 1398 2346; x_wconf 84' lang='lat'>24</span> <span class='ocrx_word' id='word_1_314' title='bbox 1419 2319 1523 2357; x_wconf 80' lang='lat' dir='ltr'>lingua</span> 
     </span>
     <span class='ocr_line' id='line_1_43' title="bbox 204 2347 1520 2394; baseline 0.007 -16"><span class='ocrx_word' id='word_1_315' title='bbox 204 2350 285 2378; x_wconf 81' lang='lat' dir='ltr'>fehlt.</span> <span class='ocrx_word' id='word_1_316' title='bbox 310 2365 347 2369; x_wconf 89' lang='lat'>—</span> <span class='ocrx_word' id='word_1_317' title='bbox 374 2347 410 2377; x_wconf 80' lang='lat'>28</span> <span class='ocrx_word' id='word_1_318' title='bbox 437 2353 572 2378; x_wconf 82' lang='lat' dir='ltr'>nocitura</span> <span class='ocrx_word' id='word_1_319' title='bbox 600 2352 674 2379; x_wconf 88' lang='lat' dir='ltr'><strong>wohl</strong></span> <span class='ocrx_word' id='word_1_320' title='bbox 695 2351 910 2379; x_wconf 73' lang='lat' dir='ltr'><strong>verschrieben.</strong></span> <span class='ocrx_word' id='word_1_321' title='bbox 931 2366 968 2370; x_wconf 87' lang='lat'><strong>—</strong></span> <span class='ocrx_word' id='word_1_322' title='bbox 989 2353 1061 2380; x_wconf 91' lang='lat' dir='ltr'>Zum</span> <span class='ocrx_word' id='word_1_323' title='bbox 1082 2354 1224 2382; x_wconf 82' lang='lat' dir='ltr'><strong>Gedichte</strong></span> <span class='ocrx_word' id='word_1_324' title='bbox 1246 2355 1295 2383; x_wconf 83' lang='lat' dir='ltr'>die</span> <span class='ocrx_word' id='word_1_325' title='bbox 1316 2357 1520 2394; x_wconf 81' lang='lat' dir='ltr'>Bemerkung:</span> 
     </span>
     <span class='ocr_line' id='line_1_44' title="bbox 207 2390 1451 2430; baseline 0.006 -13"><span class='ocrx_word' id='word_1_326' title='bbox 207 2390 413 2426; x_wconf 80' lang='lat' dir='ltr'>„Magister</span> <span class='ocrx_word' id='word_1_327' title='bbox 433 2390 658 2422; x_wconf 84' lang='lat' dir='ltr'>Henricus“‚</span> <span class='ocrx_word' id='word_1_328' title='bbox 682 2391 781 2417; x_wconf 86' lang='lat' dir='ltr'>womit</span> <span class='ocrx_word' id='word_1_329' title='bbox 801 2390 877 2418; x_wconf 90' lang='lat' dir='ltr'><strong>wohl</strong></span> <span class='ocrx_word' id='word_1_330' title='bbox 898 2391 1046 2418; x_wconf 81' lang='lat' dir='ltr'>Henrieus</span> <span class='ocrx_word' id='word_1_331' title='bbox 1066 2391 1101 2419; x_wconf 87' lang='lat' dir='ltr'>de</span> <span class='ocrx_word' id='word_1_332' title='bbox 1122 2393 1234 2421; x_wconf 82' lang='lat' dir='ltr'>Hassia</span> <span class='ocrx_word' id='word_1_333' title='bbox 1254 2397 1384 2430; x_wconf 82' lang='lat' dir='ltr'>gemeint</span> <span class='ocrx_word' id='word_1_334' title='bbox 1404 2398 1451 2425; x_wconf 78' lang='lat' dir='ltr'>ist.</span> 
     </span>
    </p>
   </div>
  </div>
 </body>
</html>
