1651 2680
676 109 935 144 —241—

180 205 212 238 7.
237 204 306 238 Nos
333 204 476 236 videmus
502 205 588 238 veris
612 205 722 248 signis,
867 207 900 241 8.
927 206 952 238 Ο
978 205 1109 246 Antoni,
1137 208 1169 236 te
1194 213 1365 246 precamur

233 251 407 284 Infernalis
433 252 519 292 quod
545 256 594 284 est
619 253 719 294 ignis3
926 253 1132 285 confidenter
1158 257 1189 283 et
1215 251 1358 293 affamur,

230 299 348 332 Morbo
373 300 496 339 passim
522 299 702 332 liberantur
925 300 979 332 Nil
1006 300 1093 332 Deus
1120 299 1178 331 tibi
1206 299 1352 338 denegat,

231 347 295 379 Per
319 350 364 386 te,
391 350 496 386 pater,
522 351 555 378 et
579 352 754 386 sanantur:
927 348 1023 381 Cuius
1047 357 1160 379 manus
1186 356 1244 379 nos
1271 350 1433 386 protegat,

229 394 328 427 Placa
352 393 455 426 Deum
483 398 538 427 tua
563 404 670 435 prece,
926 396 954 427 A
980 399 1072 435 peste
1097 399 1318 427 momentanea

229 441 298 474 Nos
323 445 358 473 ut
384 443 487 475 salvet
513 442 554 474 ab
579 443 640 475 hac
665 452 753 476 nece.
926 443 967 474 Et
990 447 1093 476 morte
1119 443 1297 475 subitanea.

222 545 304 572 Orat.
325 552 378 571 ms.
396 544 560 579 Campense
574 545 647 571 anni
664 543 744 572 1462.
781 545 851 572 Cod.
867 545 1083 573 Darmstadien.
1100 544 1164 573 521.
1185 564 1217 566 —
1236 545 1259 579 l⁷
1282 546 1300 573 2
1319 550 1421 574 scater.
1437 561 1475 567 —

146 582 174 615 l,
195 580 213 610 3
235 583 302 616 Qui.
323 598 359 602 —
381 581 408 615 4,
429 582 446 610 5
467 591 629 618 rampnum.
653 597 690 602 —
712 582 738 614 4,
760 582 778 610 6
799 583 966 618 dampnum.

570 733 625 764 191.
667 733 708 764 De
731 735 841 765 sancta
862 734 1038 775 Apollonia.

492 835 521 866 l.
551 835 648 875 Virgo
674 834 847 873 laudanda,

550 883 692 922 Impetra
719 883 932 924 impetranda,

547 931 604 962 Me
629 930 733 962 libera
759 939 857 972 ream,

550 979 593 1012 Ut
622 982 652 1009 te
678 979 811 1010 laudare
837 988 961 1018 queam,

549 1027 574 1059 Ο
602 1026 691 1067 virgo
718 1028 782 1067 pia,
805 1031 907 1066 grata,

547 1075 623 1107 Mea
649 1078 739 1114 terge
764 1079 907 1115 peecata,

551 1123 618 1154 Tuo
644 1122 822 1154 intercessu

551 1171 604 1202 Me
630 1180 732 1212 purga
756 1171 796 1202 ab
823 1180 956 1202 excessu

550 1220 587 1250 In
614 1220 674 1250 hoc
701 1219 843 1250 dentium
871 1220 991 1254 dolore,

550 1266 721 1298 Pulchrior
747 1277 780 1298 es
806 1276 878 1298 nani
906 1267 990 1299 omni
1017 1266 1105 1300 flore.

682 1351 700 1370 *
922 1351 938 1369 ³3<

802 1377 821 1397 ιιι

493 1451 512 1482 10

518 1475 525 1482 .
552 1450 758 1490 Apolloniam
785 1450 923 1481 nobilem

595 1499 751 1530 Dominus
778 1499 945 1534 exaltavit,

546 1547 707 1578 Ancillam
736 1556 825 1578 suam
848 1546 999 1578 humilem

597 1595 649 1627 Ad
678 1596 781 1626 caeles
809 1595 957 1635 elevavit7

549 1643 653 1684 Digne
680 1643 938 1675 immarcassibili

597 1693 690 1724 Serto
718 1692 799 1723 hanc
826 1691 1010 1723 exornando

547 1740 587 1771 Et
616 1749 826 1780 supernorum
853 1739 972 1779 agmini

597 1789 747 1819 Clemens
773 1787 974 1820 associando,

222 1884 302 1911 Orat.
331 1892 384 1910 ms.
414 1883 605 1910 Bohemicum
636 1890 712 1909 saec.
736 1881 778 1909 15.
822 1881 891 1909 Cod.
914 1882 1151 1914 Dueumburgen.
1174 1881 1220 1909 89.
1245 1897 1281 1900 —
1307 1881 1329 1913 l,
1350 1882 1367 1909 3
1395 1892 1475 1910 reum

145 1930 240 1960 gegen
260 1923 316 1950 den
337 1923 431 1950 Reim.
456 1936 493 1942 —-
517 1920 540 1955 1,
565 1921 581 1947 5
603 1920 627 1943 0
650 1923 734 1957 virgo
756 1923 805 1956 pia
829 1921 987 1957 Apollonia
1009 1924 1102 1954 gram.

562 2073 623 2104 192.
666 2072 706 2102 De
729 2072 836 2103 sancto
857 2070 1043 2111 Augustino.

157 2177 190 2210 1.
219 2173 432 2217 Augustinus,
460 2184 498 2207 ex
526 2173 668 2205 honestis
854 2174 885 2204 2.
915 2167 1054 2205 Umbras
1081 2171 1222 2203 haeresis
1250 2171 1408 2210 profanae

267 2223 404 2256 Genitus
430 2222 629 2264 parentibus,
961 2219 1161 2251 obscuratur
1186 2221 1313 2260 misere,

220 2273 424 2305 luventutem
449 2272 481 2302 in
508 2269 666 2302 modestis
912 2267 1051 2300 Multum
1077 2276 1190 2300 errans
1215 2277 1275 2309 per
1300 2269 1397 2301 inane

267 2319 508 2352 Consummavit
533 2318 687 2356 moribus,
964 2316 1123 2356 Praeceps
1151 2317 1257 2357 coepit
1283 2326 1387 2360 ruere,

218 2369 302 2401 Fide
328 2371 436 2399 tamen
460 2370 556 2407 atque
582 2365 681 2406 gestis
914 2365 1076 2404 Quaerens
1104 2373 1212 2396 verum
1240 2368 1271 2396 et
1297 2366 1480 2399 mundanae

263 2417 398 2449 Distans
423 2425 443 2448 a
466 2415 630 2448 fidelibus.
964 2412 1062 2444 Lucis
1088 2421 1177 2444 more
1199 2422 1344 2448 cernere.

200 2475 338 2503 Dreves,
360 2473 409 2497 Pia
427 2472 592 2498 Dietaminu.
625 2471 686 2495 vn.
1269 2468 1303 2497 16
