1651 2680
376 193 466 226 Mors
493 198 526 226 et
551 195 691 235 perditio
717 195 874 235 discedat,
903 204 998 228 caeca
1023 196 1136 234 libido,

379 241 548 282 Nunquam
577 243 700 275 deliciis
727 242 907 275 confundar
931 244 1065 276 crimine
1092 243 1222 282 ventris,

376 289 426 321 Ne
451 290 576 330 polluta
602 299 677 323 caro
703 300 812 322 somno
838 291 985 323 turbetur
1010 301 1129 324 amaro.

377 337 531 378 Obsecro,
559 348 609 370 me
635 338 754 376 frenas,
782 348 850 370 cum
879 340 990 371 videro
1016 349 1066 371 res
1093 339 1223 375 alienas,

294 387 351 419 25.
379 385 450 417 Sint
476 387 589 427 procul
616 386 748 428 invidia,
777 387 940 426 iactantia,
967 388 1018 426 lis,
1045 388 1102 419 sed
1130 391 1160 418 et
1185 387 1244 428 ira,

379 433 448 464 Nec
473 434 569 466 rebus
595 434 685 466 vanis
711 443 760 466 me
787 435 856 466 laus
881 436 1015 467 seducat
1042 435 1154 467 inanis.

380 480 629 522 Fructificaquc,
654 482 732 512 mihi
759 491 964 523 quaecunque
991 484 1113 515 talenta
1141 483 1269 524 dedisti,

378 528 494 569 Sicque
520 539 606 562 meos
634 539 747 571 mores,
777 531 873 571 Deus,
900 532 1065 562 immutato
1093 531 1235 562 decores.

378 577 421 610 Ut
448 586 519 609 mea
545 578 585 609 sit
613 587 701 617 cura,
729 579 814 617 quod
841 583 943 619 gestat
972 579 1037 610 vita
1065 578 1182 616 futura,

292 626 349 658 30.
375 625 425 656 Ac
452 626 535 665 regis
564 627 631 658 veri
660 635 784 656 merear
807 626 927 657 sodalis
955 627 1074 665 haberi,

377 673 437 712 Qui
463 678 574 705 sancto
600 679 704 705 tecum
731 682 801 704 cum
829 673 954 705 flamine
981 680 1091 714 regnat
1118 674 1151 704 in
1177 682 1301 706 aevum.

258 748 356 776 Collat
393 758 443 775 ms.
468 749 604 776 CasSJani
637 758 712 776 saec,
742 747 787 775 sss.
810 750 883 777 Clm.
908 751 1059 777 Monacen.
1087 748 1171 777 45⁴9.
1200 749 1264 776 add.
1294 758 1368 776 saec.
1396 749 1439 776 ll.
1466 765 1504 769 —

179 786 218 815 24
238 787 335 814 frenas
355 789 402 818 (st.
424 788 530 816 frenes)
551 788 666 815 schiitzt
686 788 736 814 der
753 789 844 815 Heini.
860 803 896 806 —
919 787 955 815 232:

177 827 327 854 inmetate.
348 841 387 844 —
407 824 444 853 30
465 836 578 853 merear
598 828 641 854 sic
662 826 746 853 tales.

970 798 1042 815 suno
1058 790 1198 815 turbetur.
1215 804 1250 807 —
1267 787 1302 814 ¹25
1320 789 1398 815 Deus
1415 789 1501 822 fehlt3

629 940 672 970 lS.
715 939 756 969 De
778 938 898 978 Spiritu
921 940 1043 969 sanctu.

193 1021 225 1054 1.
251 1020 344 1060 Veni,
370 1029 508 1060 persona
534 1022 640 1060 tertia,

298 1067 348 1099 De
374 1069 451 1099 sede
476 1069 641 1110 trinitatis,

252 1114 409 1147 Gratifica
435 1125 490 1148 nos
517 1117 632 1155 eratin,

299 1163 434 1203 Largire
462 1165 545 1196 dona
571 1166 687 1204 gratis;

253 1211 372 1243 Nostra
398 1213 481 1243 mala
507 1212 706 1251 submoveas,

252 1259 391 1291 Nostrae
416 1260 575 1291 defectum
604 1260 754 1301 suppleas

301 1308 451 1340 Interuae
478 1310 688 1349 paupertatis

195 1385 229 1418 2.
256 1384 373 1425 Patris,
400 1386 466 1417 nati
493 1386 675 1423 concordia,

301 1431 368 1464 Fac
395 1443 451 1465 nos
477 1434 537 1465 tibi
564 1433 738 1466 concordes

249 1480 293 1512 Et
320 1481 389 1513 Deo
416 1483 587 1513 reconcilia

300 1529 363 1562 Per
387 1534 519 1571 peccata
547 1530 732 1564 discordes:

249 1576 354 1609 Dator
381 1587 476 1610 verae
501 1579 687 1615 munditiae,

251 1625 354 1657 Manu
378 1626 618 1658 misericordiae

302 1673 437 1706 Nostras
463 1675 601 1707 emunda
626 1674 749 1706 sordeS.

193 1751 226 1784 3.
252 1750 300 1782 Tu
327 1751 460 1791 spiritus
486 1753 673 1792 paraclitus,

301 1799 349 1830 Tu
377 1809 470 1831 verus
497 1801 690 1839 consolator,

251 1847 372 1879 Mentis
398 1848 554 1881 lustrator
580 1849 703 1880 subitus

299 1895 343 1927 Et
370 1896 473 1928 dulcis
499 1895 731 1937 inflammator;

253 1943 303 1975 Tu
328 1944 473 1977 increata
499 1946 626 1984 caritas,

253 1991 302 2024 Tu
329 1992 464 2033 dapsilis
490 1993 682 2034 benignitas,

300 2041 416 2073 Mundi
441 2041 670 2074 sanctificator.

192 2119 226 2152 4.
253 2117 302 2150 Tu
328 2117 445 2150 donum
474 2119 596 2150 donans
623 2119 739 2158 omnia,

300 2167 351 2199 Tu
376 2175 476 2207 amor,
505 2166 576 2198 fons
601 2175 755 2202 amorum,

250 2214 301 2247 Tu
327 2215 464 2247 celebris
490 2215 625 2254 laetitia,

299 2262 485 2295 Thesaurus
511 2263 710 2304 gaudiorum,

250 2311 410 2354 Audacia,
439 2310 602 2351 facundia,

253 2359 366 2391 Virtus
393 2363 425 2391 et
450 2360 644 2401 eloquentia,

301 2407 460 2448 Magister
485 2407 697 2440 saeculorum.

883 1024 913 1054 ἵ».
945 1021 1005 1052 Per
1030 1026 1061 1051 te
1087 1020 1262 1060 prophetae
1290 1022 1473 1060 praesciunt

992 1069 1031 1100 Et
1057 1069 1202 1100 nuntiant
1232 1073 1376 1108 ventura,

942 1118 1091 1155 Apostoli
1118 1116 1277 1147 subiciunt

993 1164 1109 1196 Orbem
1138 1169 1167 1194 et
1194 1164 1281 1195 orbis
1308 1165 1397 1200 iura:

944 1213 992 1243 Tu
1020 1213 1157 1252 virgines
1184 1213 1377 1254 sanctificas,

945 1261 993 1291 Tu
1020 1267 1177 1301 martyres
1205 1259 1360 1292 fortificas

992 1309 1028 1340 In
1057 1317 1225 1348 corporum
1253 1318 1413 1348 pressura.

892 1387 916 1418 ⁴.
945 1385 992 1417 Tu
1020 1386 1124 1425 pascis
1152 1386 1183 1416 in
1212 1386 1394 1425 pastoribus

993 1433 1114 1473 Greges
1142 1433 1229 1464 fideli
1257 1443 1333 1465 cura

944 1482 983 1513 Et
1012 1483 1106 1513 doces
1134 1482 1164 1512 iu
1194 1482 1388 1523 doctoribus,

991 1531 1202 1570 Quaecunque
1229 1535 1301 1562 sunt
1328 1531 1480 1569 obscura,

943 1578 990 1609 Tu
1018 1579 1093 1610 solis
1120 1582 1150 1609 te
1178 1580 1352 1618 consocias,

944 1626 1114 1658 Desertum
1141 1627 1171 1657 in
1201 1627 1333 1658 delicias

992 1675 1103 1706 Vertis
1130 1679 1160 1705 et
1188 1675 1293 1706 mollis
1321 1675 1411 1708 dura.

912 1777 918 1783 .
948 1753 1009 1783 Per
1036 1757 1066 1783 te
1093 1752 1159 1784 nati
1186 1753 1394 1788 renascimur,

994 1800 1109 1832 Renati
1136 1809 1402 1839 consummamur,

948 1849 1082 1880 Perenni
1110 1847 1181 1879 cibo
1208 1849 1379 1888 pascimur,

995 1897 1190 1929 charactere
1216 1897 1389 1935 signamur,

946 1947 974 1976 A
1003 1945 1138 1977 vinculis
1165 1944 1372 1987 absolvimur,

946 1994 1088 2024 Aeterno
1117 2001 1235 2031 sponso
1262 1994 1433 2035 iungimur,

995 2041 1169 2072 Verissime
1194 2050 1354 2074 sanamur.

913 2144 920 2150 .
948 2118 996 2150 Tu
1023 2118 1080 2149 das
1107 2121 1231 2158 gustum
1259 2119 1451 2159 dulcedinis,

994 2167 1209 2205 Intellectum,
1237 2167 1453 2207 splendorem.

948 2214 1120 2247 Consultae
1147 2213 1346 2247 fortitudinis

996 2263 1044 2294 Tu
1071 2263 1186 2294 tribuis
1214 2264 1365 2304 vigorem,

948 2311 995 2342 Tu
1023 2311 1163 2343 clausum
1192 2311 1306 2344 librum
1335 2313 1442 2352 aperis

948 2359 989 2391 Et
1016 2360 1168 2400 pietatem
1194 2361 1340 2401 suggeris

995 2407 1037 2440 Et
1064 2408 1183 2448 ingeris
1210 2409 1368 2441 timorem.
