1653 2680
760 51 1016 88 —132—

595 150 628 181 3.
655 149 721 182 Fac
745 158 765 180 a
789 152 898 182 nostro
923 149 1053 189 scelere,

657 197 724 235 Pia,
750 205 808 229 nos
833 205 1010 238 resurgere,

659 244 791 276 Sursum
817 245 894 276 tolle
919 245 1014 278 variis

658 292 721 324 Cor
746 300 933 332 oppressum
959 293 1054 326 vitiis.

310 388 390 414 Orat.
424 396 476 413 ms,
501 386 660 422 Campense
682 387 750 413 anni
778 384 858 413 1462.
900 387 970 415 cod.
992 388 1209 415 Darmstadien.
1229 386 1294 415 521.
1315 403 1351 407 —
1376 387 1403 419 l,
1430 386 1448 414 3
1468 387 1549 423 quis-

232 434 297 462 que.
322 441 357 444 ——
379 425 406 457 3,
426 424 444 452 3
464 425 502 452 Et
523 433 647 452 sursum.

675 576 720 605 86.
764 575 804 606 De
827 574 852 604 V
875 574 1003 606 Gaudiis
1024 575 1110 607 BMV.

658 684 780 723 Gaude,
809 683 908 724 virgo,
935 685 1126 727 concipiens,

657 732 779 772 Gaude,
810 731 916 763 clausa
941 732 1133 772 parturiens,

657 779 771 811 Gaude
795 783 870 811 nato
895 784 1090 819 resurgente,

657 827 770 858 Gaude
796 827 850 858 iilo
876 827 1078 859 ascendente.

657 875 779 912 Gaude,
807 875 896 906 caelo
922 874 1086 913 collocata,

659 924 772 954 Pacem
802 921 892 953 nobis
920 923 970 963 da,
999 925 1103 963 beata,

657 971 697 1001 Et
725 971 767 1000 sis
794 970 884 1002 nobis
911 970 1067 1002 advocata

658 1020 753 1057 Apud
781 1018 894 1058 Deum,
921 1019 1010 1058 virgo
1035 1022 1137 1058 grata.

311 1114 431 1141 collect.
454 1122 504 1139 ms.
522 1110 732 1146 Parisieiise{?l
753 1121 828 1139 saec.
851 1110 924 1139 ¹5l18.
959 1112 1030 1139 Cod.
1047 1112 1173 1139 Parisin.
1197 1109 1281 1140 3639.
1305 1125 1338 1129 —
1360 1110 1377 1139 8
1392 1113 1475 1148 virgo
1492 1113 1547 1148 pia.

665 1292 708 1321 87.
751 1291 791 1321 De
814 1290 837 1321 V
861 1290 989 1321 Gaudiis
1012 1290 1097 1321 mlv.

644 1401 736 1439 Ave,
763 1400 850 1439 virgo
877 1399 1069 1438 concipiens.

654 1449 734 1483 Ave,
762 1447 850 1487 virgo
878 1447 1070 1486 parturiens,

655 1496 725 1526 Ave
751 1499 825 1526 nato
851 1498 1045 1533 resurgente,

656 1543 725 1574 Ave
750 1542 820 1581 ipso
846 1541 1048 1581 ascendente,

658 1591 737 1623 Ave.
766 1590 853 1620 caelo
881 1590 1047 1626 collocata,

660 1638 770 1669 Pacem
794 1636 885 1668 nobis
913 1637 963 1676 da,
990 1637 1084 1669 beata

705 1685 803 1725 Virgo
828 1685 943 1717 Maria.

313 1781 432 1806 Colle-ct.
462 1789 513 1806 ms.
536 1783 565 1807 ιδ’.
588 1781 688 1807 Iac-obi
716 1782 745 1806 in
767 1779 867 1806 Insula
888 1779 991 1807 Leodii
1020 1789 1096 1808 saec.
1125 1778 1197 1808 ¹²:5⁴.
1241 1780 1310 1809 (ὀᾶ.
1331 1782 1550 1809 Darmstadien.

234 1817 423 1891 gJTN'ssdtgss
434 1827 508 1846 saec.
526 1818 568 1845 14.
580 1832 617 1837 —-
633 1817 885 1845 Wahrscheinlieh
909 1820 946 1845 ist
971 1818 1083 1846 iiberall
1105 1823 1175 1846 statt
1189 1820 1252 1847 Ave
1266 1820 1389 1848 Gaude
1404 1829 1440 1846 zu
1454 1821 1550 1855 lesen3

667 1998 713 2028 88.
757 1998 796 2028 De
818 1996 842 2027 V
865 1995 992 2028 Gaudiis
1015 1998 1100 2029 BMV.

248 2109 280 2141 1.
308 2108 333 2140 O
356 2108 470 2150 Maria,
499 2111 600 2139 mater
625 2106 752 2145 Christi,
936 2109 966 2139 2.
995 2107 1101 2139 Verbo
1127 2117 1218 2140 sacro
1244 2118 1316 2141 mox
1343 2109 1467 2150 repleta

310 2156 396 2195 Quae
424 2155 463 2187 de
489 2160 600 2187 sancto
627 2155 800 2195 concepisti
996 2155 1059 2195 Spe
1086 2160 1258 2196 conceptus
1284 2166 1356 2189 eras
1381 2159 1484 2197 laeta:

358 2203 479 2243 Spiritu
505 2203 648 2244 mirifice,
1042 2204 1179 2244 Propter
1205 2204 1287 2237 hanc
1312 2205 1477 2247 laetitiam,

309 2251 455 2283 Gabn'eti
481 2251 660 2287 credidisti,
995 2251 1073 2283 Cum
1099 2262 1161 2292 qua
1185 2253 1272 2285 salus
1297 2258 1347 2285 est
1373 2259 1532 2295 concreta,

311 2300 516 2332 Praemunita
541 2309 602 2339 quo
627 2297 714 2330 fuisti
996 2299 1073 2339 Fac,
1099 2300 1214 2339 Maria,
1241 2301 1353 2333 mortis
1377 2305 1463 2334 meta

360 2347 510 2379 Veritatis
534 2347 649 2381 indice.
1044 2346 1087 2380 Ut
1113 2348 1247 2380 salutem
1268 2350 1414 2383 sentiam.
