1651 2680
126 195 182 228 23.

124 673 180 705 24.

123 1011 179 1043 25.

121 1348 176 1379 26.

120 1830 175 1864 27.

117 2171 174 2205 28.

657 93 919 130 —335—

209 192 407 226 Medicinam
433 191 508 227 dum
535 195 730 232 componunt

209 241 254 274 Et
280 240 420 282 aegrotis
443 239 528 272 hanc
553 242 749 280 proponunt,

258 287 374 321 Gravis
399 287 590 330 propositio,

209 335 274 370 Sed
300 344 371 368 cum
397 335 527 367 morbus
552 335 732 374 invalescit,

206 385 308 424 Quem
334 391 448 415 curare
474 391 592 415 curans
616 383 731 424 nescit,

255 430 394 463 Gravior
418 430 614 470 assumpti0;

207 479 242 511 Si
267 487 352 510 mors
377 487 504 510 nummo
530 477 740 517 subinfertur,

206 527 281 558 Vita
306 526 392 558 cedit
418 530 449 558 et
475 525 614 558 infertur

255 574 398 606 Pessima
425 575 599 607 conclusio.

207 671 292 710 Quae
317 670 360 702 sit
386 670 468 702 fides
495 670 704 709 medicorum,

207 720 308 751 Immo
323 728 405 759 quae
424 717 512 750 fraus
527 720 757 759 mendicorum,

254 768 330 806 Ipsa
357 767 498 798 clamant
524 777 696 807 marmora,

207 816 346 855 Quorum
373 824 453 855 opus
481 817 706 855 contemplari,

205 864 297 903 Quod
323 872 387 895 non
416 863 519 901 decet,
548 869 580 896 et
607 865 726 897 scutari

255 911 373 944 Urinas
401 914 432 943 et
458 916 613 945 stercora.

206 1008 342 1048 Quidam
370 1006 456 1039 facto
482 1007 664 1040 diffitentur

207 1056 347 1089 Verbum
374 1056 445 1098 Dei,
474 1057 559 1097 quod
586 1056 730 1088 fatentur

256 1105 377 1142 Verbo,
406 1105 463 1135 sed
490 1114 551 1136 non
579 1113 695 1144 operm

205 1153 289 1193 Quid
317 1153 357 1184 de
375 1152 504 1185 Christo
530 1153 615 1193 loqui
636 1153 757 1193 volunt,

207 1201 270 1233 Sed
297 1204 472 1241 praecepta
495 1201 558 1240 ipsi
585 1202 696 1233 nolunt

251 1249 389 1282 Actibus
414 1257 586 1289 exponere,

203 1346 290 1377 Actu
310 1350 438 1386 negant,
467 1345 552 1386 quod
570 1346 754 1386 loquuntur,

205 1394 276 1426 Non
308 1395 348 1426 de
374 1393 461 1426 facto
489 1397 737 1434 prosequuntur,

253 1443 335 1481 Quia
357 1442 568 1483 mercenarii3

205 1491 276 1532 His,
290 1499 371 1531 quae
383 1491 505 1530 dicunt,
517 1490 754 1529 contradicunt,

204 1540 263 1580 Qui
292 1539 419 1571 vocales
445 1549 508 1571 non
536 1538 639 1571 reales

250 1587 411 1620 Dicuntur
436 1587 587 1629 theologi,

204 1635 272 1668 Nec
299 1637 346 1668 sic
373 1640 479 1668 tamen
506 1635 685 1674 nuncupari

204 1684 305 1717 Recte
330 1688 477 1726 possunt,
505 1684 562 1715 sed
590 1684 696 1715 vocari

252 1733 364 1766 Potius
385 1733 578 1772 multiloqui.

202 1829 406 1862 Laudatores
433 1833 507 1861 sunt
535 1829 698 1867 virtutum,

203 1878 254 1910 Ab
282 1878 331 1910 his
358 1882 466 1910 tamen
492 1877 572 1910 nihil
599 1881 714 1913 tutum,

252 1927 335 1968 Quia
358 1930 518 1967 temptant
544 1926 669 1966 omnia3

201 1974 757 2015 Temptanttamennontemptanda

200 2024 255 2068 Et,
282 2032 364 2064 quae
390 2024 479 2055 dictu
504 2027 578 2056 sunt
596 2021 748 2063 nefanda,

252 2072 407 2105 Omnibus
433 2076 509 2103 sunt
534 2070 650 2103 omnia.

202 2169 294 2208 Sunt,
318 2168 374 2208 qui
391 2167 524 2200 student
543 2167 575 2198 in
594 2165 754 2206 figmentis

203 2218 387 2252 Poetarum,
415 2220 534 2248 statum
561 2214 677 2246 mentis

249 2265 415 2297 Exuentes
441 2271 625 2304 perperam,

204 2314 243 2346 In
268 2312 384 2353 poetis,
411 2321 474 2344 non
500 2310 669 2352 prophetis

200 2361 246 2395 Hi
271 2360 412 2400 scelesti,
437 2368 502 2392 nou
527 2358 661 2391 caelesti

251 2408 428 2441 Doctrinae
455 2407 535 2440 dant
560 2414 702 2448 operam.

817 191 871 222 29.

818 522 874 554 30.

819 853 875 885 31.

816 1509 858 1541 33
865 1534 871 1540 .

817 1837 871 1870 34.

815 2167 870 2199 35.

899 190 976 222 Imis
1002 190 1116 221 mentis
1141 190 1204 221 vim
1231 191 1397 232 inclinant,

898 237 1006 277 Musa,
1031 237 1147 269 Musae
1173 239 1225 278 qui
1254 239 1415 271 declinant

947 285 992 318 Et
1015 294 1177 317 scamnum
1207 287 1349 326 cottidie,

901 333 1006 373 Magis
1033 334 1167 366 credunt
1193 335 1337 367 Iuvenali

899 382 1000 422 Quam
1029 382 1195 414 doctrinae
1220 383 1402 422 prophetali

954 430 1010 461 Vel
1039 431 1158 463 Christi
1185 432 1350 465 scientiae.

901 521 1002 553 Deum
1031 522 1141 553 dicunt
1169 532 1238 553 esse
1263 523 1433 561 Bacchum,

902 569 946 600 Et
963 578 1022 609 pro
1037 570 1148 602 Marco
1163 571 1270 609 legunt
1285 570 1447 609 Flaccum,

953 618 1016 651 Pro
1044 618 1142 649 Paulo
1170 619 1336 657 Virgilium

902 665 943 697 Et
971 666 1134 698 Lucanum
1162 676 1220 706 pro
1247 667 1421 706 Matthaeo,

902 713 946 745 Et
972 723 1030 753 pro
1058 715 1138 746 Iuda
1163 715 1358 746 Maccabaeo

948 763 1179 795 Commendant
1206 763 1389 795 Ascanium.

900 853 991 895 Sunt,
1017 854 1071 894 qui
1097 854 1207 885 colunt
1232 854 1292 884 nisi
1319 856 1446 884 cantum

902 902 945 933 Et
971 901 1003 933 in
1030 907 1123 933 cantu
1150 901 1279 933 student
1307 904 1429 932 tantum

951 950 1135 989 Vocumque
1162 950 1343 991 concordia,

903 998 955 1028 Sic
982 998 1153 1029 observant
1181 998 1269 1029 vocis
1295 1006 1415 1037 sonum,

902 1046 992 1084 Quod
1020 1046 1179 1077 nullarum
1207 1046 1380 1076 dictionum

949 1094 1085 1126 Servant
1112 1094 1303 1126 accidentia.

841 1186 874 1212 ⁸.
900 1180 981 1212 Sunt
1008 1180 1182 1211 concordes
1209 1181 1241 1211 in
1269 1182 1434 1216 concentu,

898 1228 961 1260 Sed
989 1229 1155 1260 discordes
1184 1230 1214 1259 in
1241 1231 1386 1267 accentu,

936 1276 1177 1308 Barbarismum
1205 1275 1346 1314 faciunt3

900 1325 1021 1357 Curant
1049 1334 1153 1364 voces,
1179 1329 1213 1356 ut
1238 1324 1448 1363 concordent,

900 1373 966 1413 Ipsi
993 1377 1109 1410 tamen,
1139 1376 1171 1402 ut
1201 1372 1398 1411 discordent,

948 1420 1114 1452 Dictiones
1142 1421 1297 1452 nesciunt¹

900 1507 990 1546 Sunt,
1011 1509 1063 1547 qui
1085 1517 1192 1539 curan]
1214 1506 1316 1538 ventri
1336 1506 1450 1538 dantes

898 1556 1001 1588 Nimis
1030 1560 1141 1595 petunt.
1170 1555 1398 1596 naufragantes

948 1605 984 1636 In
1011 1610 1105 1644 potus
1133 1604 1264 1638 diluvio,

899 1654 958 1692 Qui
984 1653 1056 1693 plus
1083 1653 1193 1691 legunt
1218 1652 1251 1683 in
1278 1651 1422 1683 salmone

898 1702 996 1740 Quam
1025 1702 1054 1732 in
1082 1701 1153 1740 ipso
1180 1701 1361 1737 Salomone,

949 1750 1033 1789 Lege
1060 1749 1109 1779 vel
1135 1749 1298 1789 psalterio.

899 1836 1037 1869 Tantum
1067 1840 1177 1867 venter
1204 1836 1390 1872 honoratur,

899 1884 992 1923 Quod
1023 1884 1208 1923 frequenter
1235 1887 1450 1922 conqueratur

947 1933 996 1964 De
1023 1933 1165 1964 ciborum
1193 1932 1296 1972 copia,

897 1981 1004 2014 Multo
1030 1981 1129 2020 magis
1157 1981 1279 2011 esurire

899 2031 974 2070 Ipse
1002 2030 1126 2068 vellem,
1154 2038 1249 2069 quam
1278 2029 1398 2060 sentire

947 2078 1009 2110 Tot
1036 2087 1181 2109 escarum
1205 2078 1340 2119 proelia.

898 2167 990 2198 Intus
1017 2165 1076 2196 tibi
1103 2168 1231 2197 movent¹
1258 2164 1354 2202 bella,

900 2214 1022 2252 Quibus
1046 2213 1140 2244 motis
1166 2212 1202 2244 fit
1227 2211 1371 2253 procella

947 2261 1163 2300 'tonitrusque
1189 2262 1342 2297 nascitur,

899 2310 1045 2349 Dumque
1072 2312 1213 2351 certant,
1249 2309 1319 2348 quis
1347 2307 1449 2339 exibit

897 2357 1022 2390 Horum
1048 2356 1137 2396 prior
1163 2358 1214 2388 vel
1239 2355 1392 2398 praeibit,

946 2404 1086 2446 Spiritus
1113 2405 1288 2446 egreditur.
