1651 2680
121 276 154 310 1.

121 1277 142 1309 02

656 114 893 150 -19-

647 210 708 244 Ad
735 210 900 244 Nonam.

179 277 210 310 A
234 279 329 318 patre
356 277 467 318 prodit
491 277 626 319 genitus,
813 280 844 313 3.

179 323 232 358 Ab
258 327 395 364 utroque
422 326 609 366 paraclitus,

182 374 219 406 In
243 371 293 404 his
319 375 368 404 est
392 382 456 405 una
482 373 596 413 deitas,

181 421 283 461 Quam
307 419 421 453 iaudat
443 421 647 454 universitas.

147 532 154 540 .
181 507 232 540 Ex
256 516 318 547 quo
343 510 454 539 nostra
481 507 634 545 conditio,
812 510 845 542 4.

181 555 246 588 Per
270 564 362 595 quem
389 559 500 587 nostra
524 554 713 597 redemptio,

180 602 219 635 In
245 611 306 643 quo
332 607 442 635 nostra
468 603 625 644 remissio,

181 652 262 684 Cum
287 651 346 683 hoc
372 650 517 683 fruamur
541 651 670 691 gaudio.

873 280 978 311 Vitam
1005 278 1125 311 sanctis
1152 279 1325 317 repositam

873 327 921 359 Ob
947 331 1050 358 artam
1078 326 1162 358 vitae
1188 330 1332 359 semitam

871 375 1018 407 Praestet
1044 374 1135 406 nobis
1161 376 1312 416 gratuito,

873 422 972 461 Quam
999 432 1061 454 non
1087 422 1183 454 debet
1209 431 1247 453 ex
1274 422 1404 456 merito.

873 508 1020 541 Genitori
1047 509 1089 540 sit
1115 509 1227 548 gloria,

873 557 1083 596 Redemptom
1111 557 1255 594 victoria,

870 604 1072 636 Consolatori
1099 605 1214 644 gratia,

871 652 1034 692 Nobisque
1063 661 1121 692 per
1148 653 1231 684 hunc
1259 653 1362 685 venia.

613 748 674 780 Ad
709 748 936 789 vesperas.

180 863 267 895 Deus
294 863 334 894 de
361 862 431 894 Deo
457 864 620 905 prodienS,

181 911 268 943 Deus
294 911 335 943 ab
363 910 412 942 his
438 911 661 951 progrediens,

182 960 219 991 In
245 968 303 991 nos
330 959 404 990 veni
430 959 634 991 subveniens,

184 1045 233 1077 Tu
258 1050 402 1077 nostrum
431 1045 636 1087 desiderium,
816 1047 847 1078 5.

182 1094 230 1125 'su
255 1093 298 1124 sis
324 1102 416 1125 amor
441 1097 473 1124 et
497 1093 659 1132 gaudium,

184 1143 218 1173 Iu
246 1144 278 1172 te
303 1144 415 1173 nostra
442 1142 602 1181 cupiditas

182 1189 226 1222 Et
249 1189 282 1221 iu
309 1194 340 1221 te
366 1189 408 1220 sit
433 1190 626 1223 iucunditas

147 1301 154 1309 .
181 1277 288 1315 Pater,
316 1279 502 1307 cunctorum
529 1275 676 1316 Domine,
811 1278 843 1309 6.

182 1325 258 1358 Cum
285 1323 392 1364 genito
420 1324 459 1355 de
486 1324 608 1364 virgine

178 1373 267 1404 Intus
291 1376 324 1403 et
347 1371 379 1402 in
407 1372 541 1404 circuitu

179 1419 246 1452 Nos
272 1429 346 1461 rege
372 1426 482 1452 sancto
508 1421 632 1460 spiritu.

149 842 154 848 .
181 815 268 847 Deus
296 815 335 846 de
362 815 450 847 nullo
476 815 617 855 veniens,
816 818 847 850 4.
875 816 1028 857 Regendo
1050 816 1192 848 clemens
1220 816 1344 856 corrige

874 865 917 896 Et
944 864 1134 905 corrigendo
1165 865 1278 903 dirige,

875 912 1047 954 Diligendo
1073 922 1130 943 nos
1159 913 1258 951 eligas

874 961 917 992 Et
943 969 1012 992 cum
1040 961 1150 992 electis
1181 961 1323 1000 colligas,

874 1046 1051 1084 Memento,
1080 1050 1191 1078 sancta
1217 1046 1356 1085 trinitas,

873 1094 964 1134 Quod
991 1098 1046 1126 tua
1075 1094 1151 1125 fecit
1180 1094 1304 1125 bonitas

875 1143 1022 1174 Creando
1050 1142 1140 1182 prius
1170 1142 1341 1181 hominem,

875 1190 1065 1221 Recreando
1092 1200 1151 1229 per
1177 1192 1373 1227 sanguinem.

872 1276 955 1307 Nam
981 1286 1061 1315 quos
1089 1279 1211 1309 creavit
1236 1278 1355 1316 unitas,

871 1324 1019 1356 Redemit
1049 1324 1168 1357 Christi
1196 1326 1324 1366 caritas,

872 1372 1030 1404 Patiendo
1058 1377 1133 1403 tunc
1160 1373 1297 1412 diligens

872 1420 966 1452 Nunc
990 1421 1104 1461 diligat
1132 1431 1189 1453 nos
1217 1422 1347 1461 eligens.

475 1507 504 1538 7.
533 1507 685 1538 Trinitati
711 1508 753 1538 sit
779 1507 942 1550 gaudium,

530 1555 610 1594 Pax,
639 1556 739 1587 virtus
766 1561 796 1586 et
822 1557 1004 1595 imperium,

534 1603 650 1645 Decus,
679 1605 922 1644 omnipotentia,

532 1652 629 1691 Laus,
655 1653 766 1691 honor,
793 1654 986 1685 reverentia.

543 1747 605 1780 Ad
639 1749 991 1788 Completorium.

142 1841 150 1849 .
177 1814 329 1856 Trinitas,
355 1815 461 1848 lumen
488 1815 654 1855 luminum,
808 1819 839 1850 3,

175 1863 326 1895 Illumina
352 1871 407 1895 cor
432 1865 605 1904 hominum,

175 1912 277 1945 Tuam
303 1912 544 1944 similitudinem

176 1958 368 1993 Reformans
394 1965 426 1992 et
451 1962 631 2001 imaginem.

141 2070 150 2079 .
175 2047 226 2080 Ex
252 2050 284 2079 te
310 2055 398 2079 mens
424 2051 534 2080 nostra
561 2047 682 2088 fulgeat
810 2051 842 2082 4.

173 2095 219 2128 Et
242 2095 276 2127 in
301 2100 334 2128 te
360 2100 434 2131 vota
461 2097 630 2136 compleat,

175 2145 229 2177 Ad
253 2147 287 2176 te
312 2154 372 2186 per
396 2148 428 2176 te
454 2153 489 2177 se
517 2145 645 2186 dirigat,

175 2192 333 2235 (Ji-edens,
360 2202 494 2233 sperans
521 2196 553 2224 te
581 2193 704 2233 diligat.

868 1817 1021 1858 TrinitaS,
1050 1817 1135 1849 salus
1162 1818 1313 1849 oninium,

868 1865 933 1897 Cor
959 1874 1036 1896 sana
1064 1865 1146 1896 nuile
1173 1866 1328 1907 saucium,

867 1913 1055 1945 concedens
1082 1914 1173 1944 noxis
1201 1916 1325 1945 veniam

868 1962 931 1993 Per
957 1960 1178 2001 septiformem
1205 1964 1352 2001 gratita.

870 2048 937 2079 Fac
963 2058 1020 2079 nos
1047 2058 1085 2080 ex
1113 2047 1176 2080 fide
1205 2050 1314 2081 vivere

868 2097 911 2128 Et
947 2105 1006 2137 per
1032 2106 1120 2138 spem
1148 2107 1274 2129 sursum
1303 2098 1442 2129 tendere

870 2145 910 2176 Et
939 2146 1084 2177 caritatis
1111 2147 1258 2184 geminae

870 2193 937 2225 Fae
964 2202 1020 2224 nos
1047 2194 1159 2226 vestiri
1189 2195 1338 2233 tegmine.

501 2282 533 2312 5.
561 2279 652 2312 Patri
678 2280 720 2311 sit
745 2279 928 2312 benedictio

559 2328 636 2360 Cum
664 2331 833 2360 coaeterno
859 2327 936 2365 filio,

558 2375 753 2407 Benedictus
779 2377 821 2407 sit
846 2377 980 2415 spiritus

558 2424 602 2456 Et
627 2433 685 2456 nos
711 2424 743 2456 in
769 2424 839 2464 ipso
867 2425 1012 2458 caelitus.
