1653 2680
713 69 970 105 —230—

206 165 259 198 11.
288 165 324 195 Iu
351 165 482 196 istorum
890 168 944 200 12.
972 167 1043 200 Non
1069 172 1116 200 est
1142 177 1276 208 pronum

334 212 439 244 colore
465 212 607 252 lapidum
1017 216 1068 248 vel
1094 216 1164 248 leve
1190 215 1307 258 dicere,

286 260 345 292 Est
370 261 497 300 signata
968 263 1038 302 Qua
1063 263 1172 304 requie

335 308 401 340 vita
426 308 579 350 fidelium,
1016 320 1118 352 quave
1144 311 1314 344 dulcedine

285 356 344 395 Qui
368 356 504 388 caeleste
970 358 1181 391 Perfruuntur

335 408 468 436 currunt
492 405 533 436 ad
560 404 714 436 bravium.
1016 406 1128 438 fideles
1153 406 1288 438 animae.

266 508 387 535 Collect.
415 517 467 534 ms.
489 507 517 534 S.
539 507 684 543 Arnulphi
707 508 812 535 Meteri.
838 517 913 535 saec.
937 507 1007 537 ¹²l18.
1048 508 1117 536 Cod.
1139 510 1304 537 Berolinen.
1327 508 1403 535 Phss.
1428 505 1502 534 1694

186 544 274 581 (150).
295 561 330 565 —
354 546 436 573 Nach
455 546 536 581 jeder
560 548 618 572 Str.
639 546 835 573 wieder-bolen
855 547 916 574 sich
939 547 982 574 als
1004 547 1162 575 Rundreim
1182 547 1231 575 die
1247 548 1365 574 Worte:
1390 546 1502 581 „Quam

189 585 313 620 pulchra
339 593 370 611 es
397 586 506 611 sanctis
533 584 687 611 animabus
715 589 743 611 et
770 584 910 619 requies.“
933 599 970 603 —
991 586 1164 613 Aufschrift:
1195 585 1379 621 „Rhythmus
1401 584 1500 611 domni

188 623 367 653 Gibuini,
402 623 656 659 Liugoneusis
692 622 848 658 episcopi.“
910 623 1005 651 Einen
1039 625 1161 651 Bischof
1190 632 1251 650 von
1283 624 1416 658 Langres
1451 623 1504 649 mit

189 662 303 689 Numen
323 662 469 689 Gibuinus
496 661 545 688 hat
572 670 602 687 es
625 661 706 688 nicht
726 662 871 697 gegeben,
899 662 976 689 wohl
997 662 1067 689 aber
1088 664 1173 690 einen
1195 662 1378 695 Guibuinus‚
1407 661 1503 687 archi-

190 700 331 727 diaconus
353 700 564 735 Lingoneusis‚
593 700 645 726 der
670 701 767 735 sputer
785 698 998 734 (1077—1082)
1016 700 1194 728 Erzhischof
1211 709 1269 728 von
1289 700 1375 735 Lyon
1394 697 1504 726 wurde.

190 737 254 764 Ihm
282 737 353 764 wird
381 738 564 773 gewfihnlieh
591 738 685 765 dieser
706 738 870 773 Rhythmus
898 738 1134 774 zugeschrieben.
1174 739 1384 775 Zeitgenossen
1404 745 1503 765 waren

190 776 330 812 iibrigens
352 777 399 803 ein
420 776 566 803 Gibuinus
587 777 634 806 11„
657 786 700 812 ep.
724 776 948 804 Catalaunensis
967 776 998 809 Η·
1022 775 1112 810 1004),
1134 777 1192 803 und
1215 778 1263 803 ein
1280 776 1436 807 Gibffinus,
1459 784 1503 811 ep.

189 815 410 848 Laudunensis,
437 814 488 841 der
515 818 600 841 unter
620 815 680 842 Leo
703 815 753 841 IX.
782 815 835 841 auf
857 814 922 842 dem
946 815 1052 842 Konzil
1077 824 1113 841 zu
1134 815 1233 842 Reims
1256 814 1412 842 anwesend
1433 822 1503 840 war.

190 853 247 880 Csr.
270 853 385 888 Migne,
414 852 471 880 ΡΡ.
494 853 553 879 LL.
578 851 644 885 142,
676 851 757 880 1435.
781 866 813 872 —-
836 853 862 878 V
884 853 902 879 l.
924 853 1137 885 Wattenbach‚
1164 852 1434 888 Sitzungsberichte
1455 852 1506 879 der

191 891 258 924 Kgl.
281 900 391 925 preuss,
413 891 573 918 Akademie
595 892 646 918 der
667 891 857 918 wissenscha
873 894 921 918 ten
945 889 1025 918 1891.
1048 889 1083 918 97
1092 892 1118 918 ff.

594 1100 654 1129 180.
699 1100 737 1129 De
760 1098 892 1129 Caelesti
915 1098 1095 1129 Ierusalem.

454 1228 483 1259 1.
512 1227 536 1258 O
564 1225 640 1258 felix
667 1235 796 1265 regnum
824 1226 947 1265 patriae
971 1234 1136 1266 supernae,

512 1275 548 1305 In
574 1283 636 1313 quo
662 1275 828 1313 quiescunt
852 1273 978 1312 agmina
1004 1276 1199 1314 sanctorum,

513 1321 625 1353 Gloria
650 1321 749 1351 multa
777 1321 938 1360 decorata,
965 1321 1069 1352 cincta

636 1368 717 1400 Pace
742 1368 883 1407 perenni.

455 1475 487 1505 2.
516 1473 587 1504 Non
613 1475 659 1503 est
686 1471 856 1503 scribentis
882 1472 995 1502 calami
1020 1472 1146 1512 signare

512 1520 580 1551 Nec
606 1519 781 1558 eloquentis
808 1519 943 1550 hominis
969 1528 1108 1560 narrare,

512 1568 636 1607 Quanta
661 1567 787 1606 paravit
812 1567 844 1597 in
870 1570 901 1597 te
927 1566 1106 1606 regnaturis

636 1614 722 1646 Deus
748 1618 907 1646 aeternus.

455 1722 485 1752 3.
513 1720 564 1751 Ad
592 1723 623 1752 te
648 1719 789 1760 suspirat
813 1719 938 1759 generis
966 1719 1093 1751 humani

514 1767 646 1799 Perdita
671 1767 778 1806 proles
804 1767 835 1798 in
862 1771 995 1805 parente
1021 1767 1135 1807 primo,

512 1815 576 1847 Sed
602 1814 814 1855 redemptoris
841 1815 971 1846 caelitus
1000 1814 1111 1846 directi

634 1863 740 1895 Morte
766 1863 941 1901 redempta.

454 1971 486 2000 4.
514 1969 601 2000 Bene
626 1968 766 2008 suspirat
790 1967 932 1999 tenebris
957 1968 1099 2008 addicta,

514 2017 601 2055 Quae
627 2015 770 2055 paradisi
795 2015 919 2054 gaudiis
945 2016 1071 2054 privata

513 2064 659 2096 Perdidit
684 2064 799 2104 lumen,
827 2072 888 2102 quo
915 2063 1064 2095 fruuntur
1089 2071 1215 2102 semper

635 2111 729 2144 Cives
754 2110 894 2151 superni.

455 2219 485 2249 5.
514 2217 658 2256 Namque
684 2216 862 2257 praesentis
888 2215 1016 2248 luminis
1041 2215 1214 2256 splendore

511 2265 652 2298 Fallitur
677 2271 772 2296 caeca
797 2263 944 2295 iuvenum
971 2268 1109 2307 caterva,

512 2312 630 2345 Putans
656 2311 838 2352 iucundum,
865 2312 948 2350 quod
975 2312 1131 2352 adimplet
1157 2312 1309 2346 mundum

635 2360 729 2392 Fletu
755 2359 897 2399 perenni.
1273 2355 1278 2361 ’
