1651 2680
726 91 984 125 —260—

415 190 447 220 4.
475 188 500 220 O
528 189 610 226 Iesu,
637 186 802 219 Francisci
828 190 962 228 amator,

477 235 522 266 Te
548 243 631 266 nunc
657 243 733 274 rogo
760 243 884 274 pauper
908 238 1068 274 peccator,

478 283 616 322 Propter
641 290 752 321 preces
778 282 880 322 patris
906 282 967 314 mei

475 330 631 361 Miserere
657 329 743 371 mihi,
772 328 818 360 fili
843 329 915 362 Dei.

477 377 502 409 O
529 377 610 408 bone
637 377 721 418 Iesu,
748 381 882 417 propter
906 381 991 410 tuam
1018 382 1149 410 mortem

476 425 571 457 Hunc
596 428 719 465 patrem
746 425 836 456 mitte
862 425 904 457 ad
930 435 1032 458 meum
1059 436 1202 467 agonem,

476 473 525 504 Ne
551 472 719 504 formidem
743 473 867 504 hostem
894 472 1020 514 fortem,

476 520 539 552 Sed
565 529 615 551 me
642 521 737 552 ducat
763 520 806 552 ad
828 524 914 552 tuam
940 522 1114 554 cohortem.

198 645 215 672 4
250 607 356 673 8Orat.
380 614 431 632 mS.
448 606 610 640 Campense
625 606 692 631 anni
712 603 792 631 1462.
823 605 892 632 Cod.
908 607 1122 634 Darmstadieni
1138 605 1202 634 521.
1219 622 1252 626 —
1269 605 1296 640 2,
1317 605 1336 633 4
1349 610 1459 642 gravet.
1474 619 1512 624 —

219 667 225 679 ,
289 649 378 672 tuum.

618 736 686 766 220.
728 736 768 766 De
790 738 895 767 sancto
916 736 1088 768 Francisco.

216 829 247 862 1.
275 828 300 859 Ο
324 827 506 862 Francisce,
925 828 956 860 6.
985 827 1171 866 Insignitum

276 875 471 914 Concupisce
983 875 1059 911 Fac,
1086 875 1238 905 munitum

324 922 482 954 Cordibus
508 921 690 960 imprimere
1030 922 1084 954 Me
1111 922 1214 953 crucis
1239 922 1412 962 signaculo,

275 972 408 1003 Crucem
435 969 564 1007 Christi,
984 969 1050 1001 Fac
1076 969 1262 1001 transfixum

275 1019 374 1057 Quam
401 1017 500 1048 tulisti
983 1017 1024 1048 Et
1050 1017 1181 1048 infixum

321 1066 416 1097 Stans
441 1065 472 1095 in
499 1065 558 1095 hoc
583 1065 708 1097 itinere.
1032 1064 1182 1096 Crucifixi
1208 1065 1321 1097 iaculo.

213 1163 243 1194 2.
269 1161 334 1192 Fac
361 1161 474 1191 ardere
927 1162 955 1192 7.
984 1161 1179 1192 Maculatum

274 1208 350 1248 Nos,
379 1208 527 1247 languere
985 1208 1045 1239 Per
1070 1213 1234 1247 peccatum

322 1256 404 1287 Cura
432 1263 556 1285 erucem
584 1255 722 1294 Domini,
1029 1256 1083 1286 Me
1110 1255 1246 1287 defende
1273 1255 1434 1292 miserum7

275 1304 315 1334 Et
342 1303 383 1334 sit
408 1307 506 1333 totum
980 1303 1046 1334 Fac
1072 1302 1246 1334 ferventem

273 1351 334 1382 Cor
361 1350 508 1381 devotum
983 1350 1179 1381 servientem

322 1398 467 1428 Pretioso
494 1398 649 1436 sanguini.
1029 1398 1155 1435 Mortis,
1184 1398 1297 1439 crucis,
1325 1398 1502 1429 vulnerum.

213 1495 244 1525 3.
273 1493 369 1524 Cordi
397 1491 493 1522 funde
926 1494 957 1525 8.
986 1493 1077 1523 Hunc
1100 1493 1282 1525 thesaurum

274 1541 341 1572 Iam
368 1538 526 1578 profunde
985 1540 1087 1579 Super
1113 1550 1223 1572 aurum

324 1586 472 1619 Crucifixi
500 1587 640 1624 vulnera,
1032 1589 1085 1619 Me
1111 1589 1201 1619 sitire
1227 1587 1326 1620 facias

274 1635 392 1673 Quibus
421 1635 534 1665 dentur
984 1636 1023 1666 Et
1051 1636 1247 1670 immensum,

275 1683 317 1714 Et
344 1685 496 1722 parentur
982 1683 1058 1716 Fac.
1085 1692 1253 1715 accensum

322 1730 422 1761 Nobis
448 1728 622 1760 salutifera.
1028 1732 1080 1762 Ad
1108 1741 1162 1763 cor
1187 1736 1274 1763 tuum
1301 1733 1421 1773 rapias.

217 1817 246 1847 4.
275 1816 335 1847 Det
362 1825 507 1855 saporem
925 1817 955 1848 9.
986 1816 1176 1857 Suffragare‚

277 1864 370 1902 Crux,
397 1863 525 1894 odorem
986 1865 1078 1896 Pater
1104 1874 1186 1903 care,

324 1911 422 1942 Nobis
449 1915 478 1941 et
507 1911 718 1945 dulcedinem.¹
1029 1913 1105 1944 Tuis
1131 1918 1204 1945 ante
1231 1914 1412 1955 Dominum,

275 1960 341 1998 Qua
366 1968 534 1998 pascamur
982 1960 1049 1991 Fac
1074 1961 1216 1993 Minores

273 2007 315 2038 Et,
342 2007 494 2037 ducamur
981 2008 1060 2039 Esse
1085 2008 1180 2040 flores

322 2055 374 2085 Ad
401 2054 641 2087 beatitudinem.
1029 2057 1215 2088 Ceterorum
1241 2058 1413 2091 hominum.

218 2141 248 2173 5.
277 2141 340 2173 Cor
364 2140 405 2171 ad
433 2148 556 2171 erucem
903 2143 955 2174 10.
985 2142 1117 2175 Crucem
1143 2148 1259 2189 ament,

277 2187 372 2226 Quasi
397 2187 499 2218 lucem
982 2190 1034 2221 Ad
1060 2194 1092 2221 te
1119 2191 1255 2223 clament

323 2236 525 2274 Speculando
551 2235 697 2276 gaudeat,
1033 2238 1147 2270 Cordis
1174 2239 1345 2281 desiderio,

275 2283 312 2315 In
339 2293 399 2322 qua
427 2282 489 2314 fixe
985 2285 1055 2317 Sint
1081 2285 1241 2318 ferventes

277 2330 355 2371 Stet,
383 2331 518 2371 prolixe,
985 2333 1030 2364 Te
1056 2338 1225 2374 sequentes

326 2379 478 2411 Firmiter
503 2379 678 2413 inhaereat.
1033 2381 1109 2413 Filii
1135 2383 1279 2424 vestigio.
