1651 2680
672 89 907 124 ..16-

321 188 429 226 Teque
455 187 551 218 vitam
578 186 803 226 sempiternam
829 185 956 218 flamine
982 193 1174 228 cognoscere

322 235 390 267 Nec
416 243 478 265 nou
504 234 574 273 ipso
600 234 768 265 debriante
795 238 825 264 te
851 243 978 274 semper
1004 234 1147 273 diligere.

240 284 294 316 20.
320 283 385 314 Hic
410 282 512 312 Amen
538 281 640 312 subdo
665 281 804 312 libenter
830 281 915 312 dulci
940 281 1165 314 modulamine.

323 329 443 367 Gloria,
471 329 550 366 laus,
578 329 679 360 honor
703 329 798 369 patri.
826 329 909 368 proli
935 338 972 361 ac
997 329 1124 370 spiritui

320 378 370 409 Ex
398 376 550 408 ambobus
576 375 765 416 procedenti
791 380 865 407 ante
891 386 964 408 orsa
989 376 1119 414 saeculi,

319 424 470 456 Trinitati
495 425 564 455 laus
590 423 734 464 perenni,
760 424 875 455 unitati
901 425 1038 464 perpeti.

205 511 323 538 Colleet.
359 518 410 536 ms.
442 510 569 536 incertae
601 510 673 544 orig.
705 516 778 534 saec.
813 506 857 534 10.
889 507 956 535 eod.
988 510 1110 536 Bernen.
1142 506 1206 536 584.
1238 522 1274 527 —
1305 506 1324 535 4
1355 507 1431 544 pel'e

128 558 218 578 erraS.
240 563 275 567 —
298 547 333 575 15
354 552 414 575 tuo.
1110 558 1113 567 =

694 640 721 669 8.
762 637 873 668 Nonae.

315 720 403 751 Hora
430 728 512 750 noua
538 720 597 766 qui
618 722 764 759 potenter
789 718 922 749 emisisti
948 719 1096 758 spiritum

316 768 357 799 Et
385 767 475 797 nobis
504 767 586 797 vitae
612 766 761 806 perennis
788 765 950 796 contulisti
975 767 1151 806 praemium

312 814 514 853 Providaque
541 823 671 853 pensum
699 812 781 844 libra
808 814 1001 844 consecrasti
1026 814 1180 854 pretium,

312 864 451 895 Nostrae
476 862 586 892 mortis
612 860 769 892 infernale
796 861 995 900 penetrando
1021 861 1207 893 barathrum

256 914 287 945 5,
314 911 383 941 Lux
410 909 450 940 ad
477 908 596 940 inferos
623 909 746 939 cessisti
774 908 857 939 diem
885 907 1022 939 fundens
1048 909 1199 950 tenebris,

313 958 376 990 Ubi
403 957 465 987 tuis
491 957 660 995 assignasti
686 956 875 987 vestimenta
900 956 1004 992 nivea.

315 1004 482 1044 Reprobos
508 1005 651 1035 multasti
677 1012 790 1043 poena,
817 1003 937 1040 inclite,
966 1002 1118 1043 fulgorea.

314 1053 398 1083 Hinc
426 1052 572 1082 timentes
599 1056 628 1082 et
656 1055 820 1091 sperantes
847 1055 878 1081 te
903 1059 1072 1090 precamur
1097 1051 1245 1094 plurima,

314 1102 342 1131 A
370 1099 460 1130 nobis
487 1103 636 1130 aeternae
663 1100 772 1130 mortis
800 1098 944 1138 depellas
971 1098 1173 1130 formidinem

233 1149 287 1181 10.
317 1148 359 1179 Et
387 1148 448 1178 tuis
474 1146 654 1186 profundae
680 1147 781 1178 noctis
808 1145 935 1177 auferas
962 1146 1129 1185 caliginem

314 1197 421 1233 Atque
448 1203 500 1224 eos
526 1198 610 1225 tuam
638 1192 778 1225 transfer
804 1194 887 1224 vitae
913 1194 954 1225 ad
982 1194 1195 1227 dulcedinem.

312 1242 360 1274 Tu
387 1251 419 1272 es
448 1246 535 1272 veste
562 1242 763 1280 candidatus,
790 1245 921 1280 aspectu
949 1241 1130 1277 fulmineus,

311 1290 359 1321 Tu
385 1298 418 1320 es
444 1289 581 1320 blandus
608 1294 637 1320 et
665 1289 832 1328 amandus,
859 1289 943 1320 mitis
970 1294 1001 1320 et
1026 1289 1192 1331 terribilis,

310 1337 359 1368 Tu
385 1345 418 1367 es
444 1337 578 1375 pulcher
604 1341 635 1367 et
661 1338 796 1368 dilectus
822 1345 859 1367 ac
886 1336 1121 1377 desiderabilis,

233 1387 286 1419 15,
315 1384 408 1416 Solus
434 1393 507 1415 vere
533 1385 721 1416 immortalis
747 1388 777 1414 et
804 1384 1082 1425 incommutabilis,

313 1432 361 1463 Tu
387 1436 513 1462 sanctus
540 1436 569 1462 et
597 1431 814 1471 admirandus,
841 1432 925 1463 idem
952 1441 1009 1463 rex
1035 1437 1065 1463 et
1091 1431 1245 1464 dominuS.

311 1480 417 1518 Purga
442 1489 498 1510 nos
524 1480 657 1511 multum
683 1479 865 1520 squalentes
892 1484 922 1511 et
948 1479 1088 1520 peccatis
1115 1479 1274 1521 sordidos,

310 1528 377 1559 Fac
403 1536 459 1558 nos
486 1532 591 1559 mente
616 1528 798 1566 luminosos⁷
826 1536 959 1567 corpore
986 1527 1180 1567 perlucidos,

313 1575 357 1607 Ut
383 1575 510 1606 tandem
539 1584 654 1615 corpus
680 1578 790 1606 exutos
816 1584 1024 1615 recognoscas
1051 1575 1217 1608 candidos,

228 1623 284 1655 20.
313 1622 366 1654 Sic
391 1621 457 1660 fiat,
484 1623 650 1662 Amenque
675 1622 777 1654 subdo
804 1623 885 1654 votis
910 1623 1042 1663 iungens
1068 1623 1225 1655 modulos.

312 1670 422 1702 Gloria
447 1671 489 1701 sit
516 1671 582 1702 Deo
609 1672 704 1711 patri,
733 1671 878 1710 prolique
903 1671 1040 1710 spiritui,

308 1717 377 1749 Deo
402 1718 486 1749 trino
511 1727 570 1749 nec
594 1728 656 1750 non
682 1718 746 1757 uni,
774 1719 857 1757 paci,
886 1719 980 1760 vitae,
1007 1718 1130 1759 lumini,

308 1765 437 1797 Nomini
462 1766 609 1797 nimirum
637 1766 722 1798 dulci
750 1766 920 1806 divinoque
945 1767 1076 1800 numini.

197 1849 316 1878 Collect.
344 1859 397 1877 ms,
424 1851 552 1878 incertae
580 1852 652 1887 orig.
679 1859 754 1878 saeC.
785 1849 828 1878 10.
850 1851 919 1878 Cod.
943 1852 1064 1879 Bernen.
1093 1848 1158 1878 584.
1185 1865 1222 1869 —
1247 1849 1265 1877 6
1292 1853 1368 1878 tuos.
1399 1865 1437 1870 -

121 1885 138 1914 7
158 1888 303 1923 Reprobis
325 1909 331 1915 .
354 1910 360 1915 .
384 1908 389 1914 .
411 1889 519 1915 medito
547 1889 690 1925 surgorea.
713 1903 749 1908 —
771 1887 789 1916 8
810 1891 939 1917 timente.
959 1905 998 1909 —
1021 1889 1055 1918 10
1075 1889 1190 1916 adfores
1211 1889 1377 1925 caliginem.
1398 1901 1436 1908 ⁶-

121 1924 155 1953 11
179 1928 317 1954 transfert
336 1929 407 1954 vita.
430 1942 466 1945 —
487 1926 524 1954 20
545 1928 603 1954 Hic
623 1928 682 1955 fiat.

672 2060 700 2090 9.
740 2058 782 2089 Dc
805 2058 876 2089 Deo.

305 2138 426 2176 Incipe,
454 2137 561 2178 lingua
586 2147 706 2181 senum,
734 2147 861 2170 carmen
888 2144 1017 2171 cantare
1042 2139 1227 2181 iucundum,

305 2186 385 2219 Cum
411 2186 529 2225 pueris,
557 2187 696 2229 iuvenes,
722 2186 826 2218 laudis
853 2187 1032 2226 depromite
1057 2196 1163 2227 voces,

304 2234 355 2266 Ex
381 2232 494 2272 quibus
520 2234 620 2266 Alle
646 2237 746 2274 sonet,
774 2233 941 2266 confestim
968 2236 1060 2268 luia
1085 2236 1228 2268 resultet.

305 2281 502 2314 Conlaudate
527 2281 640 2324 Deum,
665 2282 776 2323 populi
802 2286 986 2324 gentesque,
1013 2283 1195 2327 benignum,

303 2329 400 2362 Cuius
424 2329 632 2362 inundantem
656 2331 820 2362 miseratio
843 2332 979 2364 sustinet
1004 2332 1114 2364 orbem

302 2378 347 2410 Et
372 2375 497 2409 faculae
522 2378 664 2411 validum
689 2387 839 2411 mensura
863 2382 895 2411 et
919 2380 1064 2420 pondere
1089 2381 1241 2413 mundum
