1653 2680
727 85 985 122 —382-

215 182 271 213 43.
298 181 397 213 Fides
423 188 498 220 ergo
524 180 633 212 retulit

339 227 504 267 paulisper
531 232 705 260 commota:

290 275 457 316 Dogmata,
486 283 565 314 quae
591 275 770 314 praedicas,

337 331 399 353 non
425 326 497 353 sunt
523 322 583 353 tibi
609 326 702 362 nota;

291 370 406 402 Procul
433 379 451 401 a
478 370 618 401 sacrario

337 421 444 449 nostro
470 418 513 448 sis
541 420 670 459 remota,

290 465 361 497 Non
387 466 469 496 nosti
497 465 660 506 caelestia,

336 522 398 544 non
422 517 523 544 rotam
550 513 583 544 iu
610 517 689 545 rota.

207 647 262 678 44.
290 646 467 686 Singularis
498 647 626 678 trinitas

335 696 435 726 totum
466 703 561 726 unum
589 703 668 733 esse,

289 742 385 773 Pater
411 746 443 772 et
469 742 655 782 paraclitus,

336 789 393 821 flos
421 790 460 821 ‹le
488 791 577 829 virga
603 790 703 831 Iesse,

287 837 350 868 Per
375 839 476 869 trinas
504 838 694 878 hypostases

334 885 509 916 creduntur
535 894 697 928 expresse,

288 933 333 965 Ut
360 933 401 963 sit
427 943 490 964 una
518 933 620 965 deitas

333 984 364 1010 et
390 984 488 1011 totum
516 990 611 1012 unum
637 990 716 1014 esse.

206 1113 262 1143 45.
289 1113 396 1144 Isdem
426 1113 527 1144 tribus
554 1121 623 1143 esse
650 1118 697 1144 est

336 1160 620 1195 consubstantiale,

289 1207 378 1238 Nihil
405 1207 449 1238 ibi
477 1208 588 1247 dispar
614 1213 672 1246 est,

334 1254 414 1285 nihil
441 1255 619 1294 inaequale,

288 1300 379 1332 Sicut
403 1311 466 1332 una
494 1303 609 1342 deitas,

335 1349 381 1379 sic
406 1358 501 1380 unum
528 1351 671 1389 aequale,

286 1396 368 1426 Tres
393 1402 478 1433 sunt,
505 1398 563 1428 sed
589 1398 693 1429 tribus
718 1398 810 1430 abest

335 1452 428 1475 omne
456 1445 627 1478 numerale.

201 1572 257 1603 46.
285 1572 354 1603 Deo
381 1572 439 1602 Dei
467 1573 553 1603 tilius

334 1620 459 1650 nescius
486 1621 608 1659 abesse,

285 1668 338 1698 Sic
364 1668 500 1698 assumit
529 1669 699 1708 hominem,

332 1715 417 1755 quod
444 1725 506 1747 non
533 1719 635 1747 mutat
659 1725 739 1756 esse,

285 1762 438 1795 Nostrum
469 1765 650 1796 voluntarie

333 1812 483 1851 Suscepit
510 1821 651 1853 necesse,

283 1859 405 1900 Sponte
431 1861 538 1892 carnis
566 1861 688 1901 legibus

332 1910 483 1950 dignatur
509 1909 651 1944 subesse.

197 2040 252 2072 47.
281 2040 323 2071 Et
351 2042 424 2072 dum
453 2040 487 2071 fit
514 2041 690 2082 assumptio

329 2088 434 2120 caruis
461 2089 588 2128 unione,

280 2135 351 2167 Non
379 2140 481 2167 mutat
506 2135 729 2176 substantiam,

326 2183 468 2215 habitum
495 2191 664 2222 personae,

279 2230 378 2262 Nulla
401 2229 437 2260 fit
463 2230 694 2268 transsumptio

327 2277 367 2308 de
392 2277 633 2313 coniunctione;

274 2323 408 2354 Cessent
433 2331 518 2353 nunc
543 2329 678 2360 arguere

319 2369 360 2400 de
385 2368 445 2399 hac
469 2366 698 2405 assumptione.

898 181 954 213 48.
981 181 1052 212 Hoc
1076 189 1138 212 non
1164 182 1272 220 potest
1296 180 1380 212 ratio

1030 227 1225 267 disputando
1249 227 1345 266 scire,

980 274 1049 306 Nec
1074 275 1196 306 intrare
1221 275 1354 314 poteris,

1026 331 1096 354 cum
1123 323 1203 354 velis
1229 322 1327 362 exire,

977 368 1011 401 Si
1038 369 1174 401 desistes
1200 377 1367 409 quaerere,

1029 420 1120 457 potes
1146 417 1292 448 invenire

979 464 1021 496 Et
1051 473 1221 504 cognosces
1248 463 1380 504 optime,

1026 512 1054 544 si
1081 512 1159 544 velis
1185 512 1321 544 nescire.

898 648 952 679 49.
980 647 1079 678 Fides
1106 645 1185 677 haec
1211 645 1383 683 catholica,

1026 703 1084 734 per
1108 694 1189 726 hanc
1216 693 1323 725 salvus
1352 693 1426 732 em,

978 743 1041 774 Via
1067 751 1129 772 non
1158 746 1206 772 est
1230 742 1305 782 alia,

1026 798 1088 829 qua
1114 790 1307 829 iustificeris,

979 837 1140 875 Firmiter,
1169 837 1309 869 fideliter

1027 885 1160 916 credere
1184 884 1318 921 iuberis,

981 935 1033 973 Et,
1061 933 1087 963 si
1115 942 1176 964 non
1204 932 1393 969 credideris,

1026 982 1059 1012 in
1085 984 1248 1012 aeternum
1275 981 1373 1020 peris.

896 1115 951 1146 50.
979 1114 1106 1146 Veritas
1133 1115 1256 1146 interea

1025 1171 1087 1193 non
1115 1163 1182 1193 vult
1207 1166 1406 1203 argumenta,

978 1210 1042 1242 Sed
1068 1210 1231 1249 languenti
1258 1211 1384 1243 Iericho

1026 1263 1201 1298 praeparat
1228 1263 1399 1298 unguenta,

977 1306 1065 1338 Duos
1093 1306 1149 1337 dat
1175 1307 1336 1345 denarios,

1025 1354 1087 1385 duo
1113 1358 1315 1395 testamenta,

975 1402 1091 1433 Vinum
1118 1401 1313 1433 stabularius

1023 1454 1207 1491 praeparat,
1236 1448 1388 1483 fomenta.

896 1577 951 1610 51.
979 1578 1076 1609 Parte
1101 1578 1189 1609 levat
1215 1579 1316 1610 altera

1026 1625 1126 1656 filium
1153 1627 1344 1665 mendicum,

978 1672 1095 1704 Omnes
1121 1682 1198 1713 opes
1225 1673 1359 1706 abstulit

1025 1729 1116 1752 amor
1141 1722 1358 1763 meretricum,

979 1768 1100 1800 stolam
1127 1768 1191 1801 fert
1217 1774 1247 1801 et
1274 1772 1425 1804 annulum

1028 1821 1102 1857 post
1127 1827 1207 1859 opus
1233 1818 1387 1861 iniquum,

977 1864 1128 1897 Fratrem
1155 1867 1230 1899 licet
1254 1867 1372 1900 habeat

1026 1915 1185 1946 aemulum
1212 1916 1388 1955 antiquum.

892 2043 947 2074 52.
973 2042 1028 2074 Ad
1054 2042 1177 2081 regales
1203 2043 1331 2080 nuptias

1021 2088 1113 2120 multi
1139 2087 1372 2133 confluxerunt,

969 2135 1078 2177 Reges
1103 2134 1235 2166 Tharsis
1261 2140 1292 2166 et
1318 2138 1446 2173 insulae

1014 2189 1146 2213 munera
1170 2181 1323 2226 tulerunt,

965 2227 1046 2268 Tyri
1070 2230 1102 2257 et
1123 2227 1301 2266 Aethiopes

1012 2273 1131 2305 ibidem
1157 2271 1295 2318 fuerunt,

961 2319 1013 2350 Ex
1037 2321 1189 2358 Aegypto
1214 2322 1338 2359 pariter

1005 2364 1104 2404 legati
1130 2371 1296 2402 venerunt.
