1651 2680
700 131 741 135 —
795 110 863 145 217
915 129 958 134 —

609 203 668 233 170.
710 203 753 234 Dc
773 203 871 235 Beata
891 203 990 234 Maria
1012 204 1047 234 V.

175 280 207 314 1.
234 279 344 312 Mater
368 280 620 321 misericordiae,
871 286 903 318 3,
931 285 1045 326 Maria,
1074 289 1176 315 mater
1202 284 1341 323 Domini,

235 327 378 360 Devotos
403 333 475 360 tuos
500 334 644 371 protege,
931 332 1111 364 Sacrarium
1140 332 1299 372 paracliti,

237 375 303 407 Nos
329 380 515 416 peccatores
541 377 660 409 adiuva
933 380 1042 420 Virgo,
1069 372 1177 419 regina
1204 380 1372 420 virginum,

236 424 347 465 Prece,
375 424 525 462 clemens.
553 426 716 459 continua,
933 428 998 459 Ora
1025 437 1083 466 pro
1109 428 1200 458 nobis
1227 427 1406 458 Dominum.

176 512 208 543 2.
236 510 283 543 Ut
307 511 465 550 quidquid
491 511 566 542 mali
594 511 738 550 fecimust
876 515 904 545 4.
934 514 995 544 Per
1020 518 1117 550 tuum,
1147 514 1246 554 virgo,
1273 513 1425 552 genitum.

238 558 394 590 Remittat
419 563 491 590 tuus
517 558 601 590 filius
934 562 995 593 Per
1021 566 1155 600 patrem.
1184 570 1241 599 per
1268 560 1469 601 paraclitum,

235 606 278 638 Et
304 610 420 646 purget
446 616 502 638 nos
529 607 569 638 ab
596 608 743 639 omnibus
933 609 1090 640 Praesens
1116 609 1196 639 assis
1223 609 1263 639 ad
1290 608 1411 639 obitum

239 654 395 685 Vitiorum
423 654 584 686 sordibus.
932 657 1102 695 Mcumquc
1130 656 1215 686 muni
1242 656 1372 688 exitum.

242 730 323 757 Orat.
355 739 406 756 ms.
435 731 673 757 Franciscanum.
704 740 780 758 saec.
812 730 855 758 15.
904 732 976 758 Cod.
1008 732 1117 758 Petrin.
1146 740 1163 757 a
1188 732 1197 758 1
1234 730 1275 758 14.
1298 745 1334 749 -
1355 730 1386 761 2,
1409 730 1426 757 3
1448 740 1491 766 sq.

164 768 278 801 fehlen‘,
306 769 426 804 erganzt
446 769 522 795 nach
552 769 636 796 Anal.
660 769 790 801 XXXII,
816 768 870 797 174
892 771 961 800 (Str.
983 769 1000 796 4
1023 770 1080 796 und
1103 770 1119 795 ἴ)
1143 772 1171 796 in
1194 773 1272 801 ηοω.
1299 785 1328 788 -
1355 768 1384 798 3,
1414 768 1431 796 4
1455 769 1491 795 acl

166 805 333 834 Dominum.
355 821 392 825 —-
413 805 440 837 4.
464 806 476 833 1
500 807 603 833 filium.
630 822 661 826 -—
683 807 708 833 4.
731 808 748 833 :5
771 808 915 835 Praesens
938 810 987 835 sis.

614 921 665 950 171.
707 920 747 950 De
770 920 867 951 Beata
889 920 988 951 Maria
1011 921 1045 950 V.

183 1002 213 1033 1.
240 1001 357 1039 Maria,
383 1009 442 1040 per
467 1001 642 1040 ingenitum
874 1003 904 1034 3.
933 1001 1049 1039 Maria,
1077 1010 1135 1040 per
1162 1001 1350 1040 paraclitum

242 1049 369 1080 Patrem
395 1057 520 1088 precor,
549 1052 583 1079 ut
607 1048 725 1080 exitum
933 1049 1023 1081 Veni.
1053 1049 1166 1083 dulcis.
1195 1050 1234 1080 ad
1261 1048 1392 1079 obitum.

237 1097 373 1128 Animae
393 1105 482 1128 meae
508 1096 659 1128 observes
932 1097 1031 1127 Tuam
1059 1105 1141 1136 pone
1168 1097 1369 1127 dulcedinem

242 1145 353 1176 Hostis
381 1145 516 1185 depulsa
542 1144 642 1176 rabie.
933 1144 1051 1175 Contra
1078 1145 1188 1175 mortis
1215 1145 1409 1176 acredinem.

180 1223 211 1255 2.
234 1221 352 1261 Maria⁷
378 1221 574 1261 unigenitum
872 1224 904 1254 4.
932 1222 957 1253 Ο
984 1221 1099 1259 Maria,
1128 1221 1287 1252 triclinum

239 1269 386 1309 Deposco
412 1273 444 1300 te
470 1278 530 1309 per
552 1268 665 1308 filium,
930 1269 1098 1300 Trinitatis
1125 1270 1288 1301 eximium.

238 1318 275 1349 In
300 1321 406 1349 mente
431 1326 481 1348 me
506 1317 652 1349 illumina
931 1317 1012 1348 Mihi
1040 1321 1111 1356 post
1139 1317 1197 1348 hoc
1223 1317 1351 1348 exilium

238 1365 322 1397 Vera
348 1364 411 1397 fide
438 1368 469 1396 et
494 1365 628 1397 laetitia.
930 1366 1072 1397 Ostende
1096 1369 1183 1396 tuum
1211 1364 1321 1396 filium.

243 1441 324 1468 Orat.
347 1450 400 1468 ms.
424 1441 682 1468 Traunkirchense
703 1443 773 1468 anui
797 1439 879 1468 1523.
921 1440 990 1467 cod.
1014 1440 1182 1467 Vindobon.
1203 1439 1286 1466 4090.
1310 1455 1345 1458 —
1368 1439 1397 1467 4.
1432 1438 1443 1466 l
1468 1442 1493 1463 ⁴)

164 1480 246 1508 fehlt.
268 1496 304 1499 —
324 1478 351 1512 4,
374 1478 391 1506 3
412 1489 463 1516 per
483 1480 548 1507 hoc.
571 1495 606 1498 —
627 1479 654 1509 4,
679 1479 696 1506 4
718 1480 846 1507 Ostende
868 1479 1095 1515 pulcherrimum
1119 1484 1208 1505 tumn.

612 1593 670 1623 172.
714 1594 754 1624 De
776 1592 873 1623 Beata
895 1591 995 1623 Maria
1019 1593 1052 1621 v.

181 1675 213 1707 1.
239 1674 357 1716 Maria,
386 1674 475 1714 virgo
501 1675 670 1715 virginum,
878 1676 909 1706 4.
938 1674 1000 1705 Per
1026 1678 1113 1704 tuum
1141 1683 1215 1713 ergo
1242 1674 1394 1713 genitum,

240 1723 326 1762 Quae
351 1723 489 1764 genuisti
515 1723 686 1754 Dominum
934 1722 995 1753 Per
1021 1726 1156 1762 patrem,
1184 1732 1241 1761 per
1268 1722 1457 1761 paraclitum

241 1771 316 1803 Sine
342 1771 426 1802 virili
454 1771 584 1811 semiue⁷
934 1770 1025 1801 Assis
1052 1779 1204 1810 praesens
1231 1771 1271 1801 ad
1298 1770 1418 1801 obitum

240 1819 354 1851 Verum
382 1820 488 1851 lumen
517 1820 556 1850 de
582 1819 714 1850 lumine.
933 1818 1148 1858 Nostrumque
1175 1818 1261 1849 muni
1288 1818 1418 1850 exitum.

179 1897 211 1929 2.
239 1897 288 1928 Tu
313 1897 382 1928 sola
409 1897 494 1928 vitae
519 1896 625 1934 ianua,
876 1899 906 1928 5.
936 1897 1042 1928 Mater
1068 1895 1128 1927 Dei
1155 1895 1357 1927 sanctissima

239 1944 313 1977 Tibi
339 1945 381 1976 sit
407 1945 477 1976 laus
503 1945 645 1984 assidua,
934 1945 1040 1983 Atque
1067 1944 1156 1983 virgo
1183 1948 1349 1984 perpetua,

238 1993 358 2030 Virtus,
385 1993 482 2025 decus
510 1993 704 2033 continuum,
933 1992 1019 2024 Offer
1042 2001 1098 2023 nos
1124 1996 1178 2022 tuo
1204 1991 1270 2022 filio

238 2042 410 2083 Imperium
439 2046 642 2082 perpetuum.
936 2041 970 2072 In
1001 2040 1130 2071 caelesti
1158 2040 1289 2079 palatio.

177 2120 212 2152 3.
239 2119 374 2160 Largire
401 2119 492 2150 nobis
518 2118 664 2150 omnibus
873 2120 904 2150 6.
934 2119 969 2149 ln
996 2117 1073 2148 hora
1100 2117 1223 2154 mortis,
1252 2117 1390 2159 domina,

238 2167 290 2200 Ad
318 2171 350 2198 te
377 2166 634 2207 confugientibus
932 2166 980 2197 Tu
1006 2165 1050 2196 sis
1076 2169 1186 2196 nostra
1211 2165 1356 2196 custodia

239 2217 302 2248 Per
328 2215 375 2247 tui
400 2216 467 2247 nati
494 2216 628 2256 gratiam
933 2214 973 2246 Et
1002 2214 1123 2253 perduc
1149 2222 1206 2244 nos
1232 2213 1273 2244 ad
1300 2214 1395 2251 atria,

239 2263 454 2296 Aeternitatis
478 2264 624 2304 gloriam.
933 2262 997 2296 Ubi
1025 2266 1071 2292 est
1099 2271 1160 2301 pax
1187 2266 1217 2292 et
1244 2262 1356 2302 gloria,

243 2340 324 2367 Orat.
352 2348 405 2366 ms.
425 2340 596 2367 Parisiense
617 2336 656 2375 [2³]
679 2347 755 2366 saec.
778 2336 853 2366 ¹⁵lic.
895 2339 964 2366 Cod.
988 2338 1115 2365 Parisin.
1137 2335 1220 2365 3639.
1242 2353 1279 2356 —
1302 2337 1334 2369 4.
1368 2338 1379 2365 1
1402 2338 1494 2365 filium

164 2388 260 2417 gegen
281 2379 338 2406 den
359 2379 454 2406 Reim.
475 2393 511 2397 —
535 2377 566 2410 5,
591 2376 603 2404 1
628 2386 670 2413 sq.
693 2377 752 2404 und
773 2375 799 2410 6,
823 2376 836 2404 1
861 2386 904 2414 sq.
926 2377 996 2404 liisst
1016 2377 1067 2403 der
1088 2377 1209 2403 unreiue
1232 2378 1314 2404 Reini
1337 2379 1400 2404 eine
1422 2377 1494 2404 Ent-

165 2418 297 2454 stellung
316 2417 368 2445 des
389 2417 637 2453 urspriinglichen
652 2417 759 2444 Textes
782 2420 944 2444 vermuten.
959 2431 994 2434 —
1011 2416 1077 2451 Vgl.
1091 2424 1123 2442 zu
1146 2417 1203 2442 Str.
1218 2415 1236 2442 4
1252 2417 1302 2443 Nr.
1323 2415 1375 2444 170
1394 2416 1450 2443 Str.
1465 2415 1490 2442 4.
