1651 2680
305 1448 360 1481 10.

305 1933 361 1967 20.

306 2175 362 2208 25.

595 732 673 777 Ad
705 732 860 776 Horas
890 732 1120 778 Diurnas.

644 926 664 956 l.
687 924 824 963 Hymnus
850 925 1067 965 vespertinus.

393 1014 527 1046 Cursum
554 1015 663 1047 mundi
691 1015 737 1046 sol
765 1015 927 1055 vergentis
957 1016 1143 1056 pariterque
1168 1015 1305 1046 hominis

391 1062 572 1102 Desiguans
599 1067 629 1094 et
656 1066 756 1094 metas
784 1063 870 1094 orbis
895 1072 932 1094 ac
959 1064 1114 1103 sphaeras
1143 1064 1292 1095 volubilis

392 1111 661 1144 Circumlustrans
688 1115 788 1142 mutat
813 1115 886 1143 aeta
912 1112 1039 1143 conticit
1066 1118 1095 1143 et
1123 1116 1269 1151 tempora

391 1160 557 1190 Annorum
584 1169 643 1191 nec
668 1168 730 1190 non
757 1159 911 1190 immensa
938 1161 1063 1200 peragit
1090 1160 1260 1198 curricula,

358 1232 365 1239 .
393 1207 558 1239 Momenta
586 1209 716 1240 volvens
739 1212 869 1239 aeterna
897 1217 954 1247 per
980 1213 1118 1240 aetatum
1148 1209 1246 1242 milia.

391 1256 509 1287 vectus
535 1265 632 1288 aureo
657 1255 808 1295 figmento
835 1261 867 1287 et
893 1265 989 1289 curru
1017 1257 1219 1297 quadriiugo,

387 1303 530 1335 Lucidus
559 1304 590 1336 in
618 1304 683 1344 poli
710 1309 820 1335 centro
847 1305 1007 1345 corporali
1035 1306 1126 1337 radio

389 1352 448 1384 Via
475 1353 563 1392 regia
588 1353 740 1384 libratum
767 1361 826 1391 per
852 1362 975 1384 menses
1004 1353 1172 1385 duodecim

387 1399 493 1431 Horas
519 1400 621 1440 fingit,
649 1400 717 1432 dies
742 1401 818 1441 agit,
848 1401 951 1432 oritur
980 1406 1009 1432 et
1036 1401 1153 1433 occidit

387 1448 506 1488 Bisque
532 1453 618 1480 secat
645 1448 821 1487 zodiacum,
851 1449 934 1480 binis
960 1450 1195 1489 aequinoctium

387 1496 536 1536 Tangens
562 1496 689 1537 punctis
715 1497 964 1536 quadruplatum
994 1498 1101 1530 reddit
1130 1497 1410 1537 hemisphaerium.

391 1544 538 1576 Hominis
565 1551 639 1577 sunt
665 1545 737 1583 ista,
765 1545 862 1586 Deus,
891 1546 1041 1578 ordinata
1068 1546 1206 1579 dotibus,

389 1593 451 1632 Qui
476 1592 582 1633 fungit
606 1595 675 1626 vita
702 1593 816 1625 diebus
842 1595 964 1633 pariter
987 1598 1019 1625 et
1045 1594 1205 1634 noctibus,

389 1641 507 1681 Iussus,
536 1646 686 1682 quattuor
713 1642 834 1673 ditatus
863 1646 894 1673 te
923 1643 1003 1674 duce
1029 1642 1212 1683 virtutibus,

357 1715 365 1722 .
398 1690 479 1722 Bina
507 1691 613 1730 pulsat
641 1690 763 1722 eaelum
792 1691 881 1723 luce:
910 1692 1087 1726 intellectu,
1115 1700 1221 1730 opere.

391 1737 491 1778 Ergo,
519 1743 648 1771 creator
673 1742 817 1778 aeterne,
844 1743 937 1778 pater
963 1740 1195 1780 potentissime,

393 1787 453 1826 Qui
479 1796 538 1827 per
564 1787 664 1819 filium
690 1791 755 1818 tam
782 1796 932 1827 magnam
961 1788 1168 1820 construxisti
1195 1788 1375 1820 machinam

388 1836 497 1874 Atque
521 1835 679 1868 hominem
707 1835 761 1875 qui
787 1839 874 1867 tuam
904 1836 1015 1867 condis
1041 1837 1082 1868 ad
1111 1836 1280 1875 imaginem

388 1884 511 1923 Quique
537 1885 628 1916 nobis
656 1884 771 1924 pignus
798 1888 943 1915 sanctum
973 1884 1091 1915 dedisti
1120 1885 1322 1926 paraclitum,

387 1932 519 1964 Miseris
545 1932 577 1964 in
605 1937 715 1964 nostra
741 1936 843 1964 morte
872 1933 915 1964 sis
943 1933 1053 1964 volens
1080 1941 1279 1971 succurrere,

387 1980 487 2020 Quam
516 1989 632 2013 occasu
658 1981 735 2012 solis
762 1980 854 2012 huius
881 1981 975 2012 anxie
1005 1982 1194 2019 recolimus;

387 2028 452 2061 Sed
478 2029 511 2060 in
538 2030 616 2061 solis
643 2029 748 2069 magni
775 2033 878 2061 morte
906 2030 1079 2069 plurimum
1106 2028 1248 2061 confidin
1265 2039 1307 2062 us.

387 2077 439 2109 Da
464 2077 556 2109 nobis
583 2081 615 2109 te
641 2078 786 2110 invenire
814 2078 988 2117 placatum,
1015 2078 1170 2117 piissime,

389 2125 468 2158 Cum
494 2126 553 2157 tibi
581 2127 754 2158 reddemus
781 2124 893 2157 flatum
921 2127 1074 2167 singulari
1102 2134 1246 2168 vespere,

390 2174 450 2213 Qui
477 2177 603 2214 tempus
629 2173 671 2206 ad
697 2174 917 2214 vespertinum
946 2179 1019 2215 post
1046 2179 1152 2207 actum
1180 2174 1335 2207 diluvium

389 2222 487 2255 Oleae
513 2222 629 2254 misisti
655 2230 779 2254 ramum
808 2223 928 2254 homini
956 2223 1170 2263 praesagium.

389 2269 484 2312 Nam,
511 2270 639 2310 quando
665 2269 780 2301 misisti
807 2273 895 2302 tuum
925 2270 1025 2304 filium
1054 2271 1264 2312 carissimum,

388 2318 468 2350 Tale
492 2322 569 2350 tunc
594 2317 686 2350 nobis
712 2321 744 2349 et
770 2322 894 2350 tantum
924 2319 1088 2351 contulisti
1115 2319 1229 2353 oleum.

388 2366 480 2406 Quod
507 2375 616 2398 omnes
642 2371 895 2406 praeoccuparet
924 2367 1139 2400 balsamorum
1165 2368 1307 2407 guttulas

307 2416 364 2450 30.
390 2414 436 2447 Et
459 2419 638 2447 aromatum
668 2412 825 2454 fraglaret
850 2424 948 2457 super
973 2425 1082 2448 omnes
1107 2415 1260 2456 virgulas,
