1651 2680
604 363 665 394 194.
707 363 748 394 De
769 365 879 395 sancta
900 364 1054 396 Barbara.

366 484 522 525 Barbara,
549 485 639 524 virgo
665 486 736 525 Dei,
764 495 837 526 spes
864 491 1038 527 perpetuae
1065 489 1195 530 requiei,

414 532 485 564 Lux
510 541 605 564 verae
630 532 718 574 fidei,
744 543 873 574 quaeso,
900 539 1058 567 memento
1084 536 1155 568 mei.

366 579 410 612 Ut
435 589 645 619 supernorum
672 590 722 613 me
748 582 851 614 turbis
877 583 1082 614 adnumerari

364 628 405 659 Et
433 628 599 660 collaetari
623 629 786 670 contingat
812 631 844 661 in
870 639 943 662 arce
970 631 1126 670 polorum.

365 677 395 707 A
422 679 514 716 patre
540 678 699 717 terrestri,
725 679 927 710 sanctissima
954 678 1052 719 virgo,
1080 680 1214 720 necaris,

365 723 428 756 Sed
456 724 495 755 de
521 724 664 763 caelesti,
693 725 890 767 dignissima,
920 726 1104 759 vivificaris.

365 771 434 803 Hoc
460 781 606 812 magnum
634 783 747 805 munus
774 774 850 805 mihi
877 774 943 813 det,
969 775 1023 813 qui
1048 778 1163 806 cuncta
1188 774 1308 805 creavit

365 819 472 860 Teque
499 822 674 858 coronavit,
702 822 755 860 qui
782 826 895 862 regnat
920 822 1022 853 trinus
1049 826 1081 853 et
1106 832 1197 855 uuus,

245 952 365 980 Collect.
388 962 439 980 ms.
456 954 573 982 Insulae
595 956 714 989 reginae
734 956 810 982 caeli
825 957 894 982 anni
917 953 996 982 1479.
1032 954 1101 982 cml.
1119 955 1333 982 Darnistadieu.
1349 953 1432 982 2653.
1450 970 1486 975 —

165 990 212 1017 An
233 990 329 1018 dieses
350 991 475 1018 Gedicht
496 992 657 1020 schliessen
679 993 739 1020 sich
763 995 793 1020 in
814 994 865 1020 der
886 994 940 1020 Hs.
962 993 1037 1020 noch
1058 994 1104 1020 dic
1126 993 1281 1029 folgenden
1303 994 1407 1021 verse:

396 1070 535 1100 Barbara,
557 1073 587 1096 tu
609 1074 734 1097 mentem
755 1070 884 1097 Satanae
905 1080 1056 1105 compesce
1078 1074 1247 1101 tumentem,

394 1107 527 1134 Barbara
548 1117 583 1135 ne
607 1116 661 1134 sua
681 1109 726 1135 vis
747 1111 860 1142 noceat,
883 1111 974 1145 virgo,
997 1118 1077 1144 rogo,
1100 1110 1211 1135 suavis.

599 1392 658 1424 195.
700 1392 741 1423 Dc
763 1394 874 1424 sancta.
895 1393 1045 1424 Barbara.

173 1525 204 1558 1.
233 1523 312 1563 Ave,
339 1524 485 1557 Barbara
510 1525 616 1564 beata,
924 1527 967 1558 Et
993 1531 1151 1558 conventu
1176 1526 1325 1565 virginali

231 1573 360 1613 Martyr
385 1582 510 1613 quoque
538 1574 606 1605 Deo
630 1578 732 1615 grata,
925 1575 1042 1606 Locum
1069 1579 1158 1606 tenes
1185 1579 1423 1616 praeparatum,

230 1620 435 1653 Afflictorum
463 1621 630 1657 advocata,
924 1623 1081 1663 Sponsum
1110 1623 1202 1654 nobis
1230 1621 1280 1654 fac
1306 1623 1479 1664 placatum.

231 1669 280 1700 Tu
305 1669 448 1701 adiutrix
474 1669 518 1700 sis
544 1673 666 1710 rogata,

230 1717 273 1750 Ut
302 1715 447 1749 defectus
473 1721 504 1748 et
531 1721 664 1758 peccata

230 1765 352 1798 Nostra
377 1774 436 1805 per
461 1769 492 1796 te
518 1766 584 1797 sint
608 1765 728 1799 ablata.
862 1749 893 1780 3·
921 1747 1000 1787 ΑΜ
1028 1757 1151 1788 gemma
1178 1748 1336 1780 olamans

969 1797 1022 1827 Ad
1049 1797 1152 1827 instar
1177 1795 1372 1834 carbunculi,

920 1845 1000 1885 Ave,
1028 1853 1100 1876 rosa
1126 1843 1280 1884 paradisi,

968 1891 1061 1923 More
1086 1890 1235 1932 fragrans
1260 1891 1407 1930 balsami,

920 1939 1076 1980 Barbara,
1104 1940 1192 1980 virgo
1219 1940 1335 1972 nobilis

918 1989 1110 2029 Martyrque
1136 1989 1226 2021 dives
1253 1989 1384 2029 meritis,

230 1814 356 1855 Sponsa
383 1813 504 1846 Christi
531 1823 565 1846 es
591 1818 715 1854 vocata,

227 1862 327 1902 Audi,
354 1871 484 1902 quaeso,
511 1871 580 1894 mea
607 1867 691 1904 vota,

229 1911 368 1951 Propter
393 1914 480 1942 tuam
506 1911 688 1950 passionem

228 1959 345 1991 Tutum
372 1968 474 1990 meum
502 1958 554 1991 fac
578 1967 722 1998 agonem.

919 2037 965 2068 Te
990 2041 1119 2068 orantes

166 2088 197 2119 2.
224 2085 329 2127 Salve,
358 2085 499 2117 candens
524 2085 708 2127 margarita,
967 2088 1099 2125 protege
1125 2094 1144 2116 a
1170 2085 1322 2125 periculis

225 2134 264 2166 In
289 2132 389 2166 cubili
414 2132 499 2173 regis
524 2133 598 2174 sita,
920 2136 968 2166 Ac
994 2134 1154 2165 caelorum

225 2182 314 2221 Quae
338 2182 372 2214 in
400 2182 474 2214 aula
497 2181 635 2222 nuptiali
967 2182 1061 2222 iunge
1087 2182 1222 2221 gaudiis.

229 2308 364 2335 Oration.
388 2316 440 2334 ms.
462 2307 491 2335 S.
514 2306 594 2334 Petri
617 2305 852 2342 salisburgensis
873 2315 948 2334 saec.
974 2305 1016 2333 15.
1052 2305 1122 2334 Cod.
1145 2306 1254 2334 Petrin.
1277 2316 1293 2334 a
1311 2307 1350 2333 VI
1372 2305 1418 2335 35.
1440 2323 1478 2327 «-

153 2347 185 2381 1,
214 2347 228 2376 1
250 2347 327 2379 Ave,
353 2346 438 2382 virgo
467 2346 494 2374 N
521 2346 617 2374 beata.
639 2359 670 2363 —
696 2345 875 2373 Aufsehrift:
906 2346 1026 2381 „Oratio
1056 2346 1132 2373 bona
1159 2345 1195 2373 de
1223 2354 1246 2372 s.
1269 2347 1401 2373 Barbara
1428 2346 1474 2374 vel

150 2387 213 2415 alia.
237 2382 382 2422 virgine.“
426 2386 488 2413 Aus
511 2385 541 2417 1,
567 2383 585 2412 9
609 2393 653 2420 sq.
673 2383 734 2412 und
753 2382 788 2417 3,
808 2383 827 2412 5
847 2384 918 2421 geht
937 2383 1021 2412 indes
1042 2384 1165 2416 hervor,
1192 2384 1257 2412 dats
1277 2385 1329 2412 das
1350 2385 1478 2413 Gedieht

150 2426 205 2454 auf
220 2425 354 2454 Barbara
375 2423 576 2461 beabsichtigt
595 2431 666 2450 war.

1243 2471 1276 2499 16
1289 2471 1302 2485 *
