1651 2680
183 188 214 221 7.
242 187 366 232 Gaude,
392 187 468 228 quia
493 188 598 220 Iesum

290 236 392 277 digito
419 235 660 274 demonstrasti,

244 284 359 326 „Ecce‚
388 292 488 324 agnus
516 283 595 316 Dei“

288 332 398 364 dicens
423 331 642 371 proclamasti,

239 380 279 412 In
302 379 433 411 flumine
460 379 609 412 Iordanis

289 427 451 460 Christum
478 427 662 467 baptizasti,

238 475 305 507 Fac
330 475 422 507 nobis
448 475 532 506 hunc
556 475 740 515 propitium,

286 532 379 563 quem
406 529 482 554 tunc
508 523 681 555 honorasti.

203 615 210 622 .
238 589 361 629 Gaude,
389 590 463 629 quia
490 590 652 622 Herodem

286 642 321 670 tu
346 638 553 677 redarguisti,

237 687 336 726 Quem
365 685 476 718 fratris
504 695 634 717 uxorem

287 735 418 766 duxisse
445 738 479 765 tu
506 734 640 772 scivisti,

237 782 359 822 Capitis
385 783 575 813 sententiam

287 835 420 870 propter
447 830 507 860 hoe
532 829 659 865 subisti,

237 878 304 909 Nos
332 880 428 910 vitani
455 877 505 908 fac
532 878 624 909 finire

283 926 316 957 in
344 927 477 958 caritate
505 925 637 958 Christi.

796 92 863 129 271
914 110 960 118 —

898 191 929 224 9.
958 189 1080 232 Gaude,
1109 190 1162 229 qui
1189 193 1262 230 post
1288 192 1421 220 mortem

1004 238 1045 270 ad
1072 237 1203 269 limbum
1231 236 1428 269 descendisti

958 287 1005 317 Ac
1031 285 1223 318 exsistentes
1249 285 1295 317 ibi

1002 342 1077 366 vere
1102 333 1321 373 praemunisti,

955 382 1046 420 Quod
1072 385 1179 412 essent
1204 381 1322 413 exituri

1003 430 1034 460 in
1060 430 1201 461 adventu
1227 428 1357 469 Christi,

955 476 1003 508 De
1031 477 1184 509 barathro
1210 486 1267 508 nos
1293 476 1381 515 eripe

1002 521 1162 567 eius[que]
1189 533 1291 564 poena
1318 524 1411 555 tristi.

876 591 931 624 10.
959 591 1082 630 Gaude,
1109 591 1183 630 quia
1209 592 1395 629 redemptor

1003 639 1075 679 pius
1101 639 1290 678 populorum

955 686 1106 718 Extraxit
1131 691 1203 726 post
1228 687 1268 718 ab
1295 684 1406 716 inferis

1003 733 1272 776 [patriarcharum
1301 730 1447 777 chorum]

955 781 1130 821 Secumque
1156 782 1283 813 reduxit

1003 831 1043 862 ad
1070 830 1186 869 gaudia
1213 831 1383 870 caelorum,

954 877 1020 909 Fac
1047 887 1102 909 nos
1128 879 1268 918 gaudere
1293 886 1397 907 secum

1001 925 1149 965 precibus
1175 926 1313 958 illorum.

240 993 321 1019 Orat.
351 1002 401 1019 ins.
425 992 546 1019 Eliense
571 1000 647 1018 saec.
677 989 719 1017 14.
767 991 837 1018 Cod.
864 990 937 1017 Coll.
966 992 1017 1018 ὃὸ.
1046 992 1201 1018 Trinitatis
1230 991 1372 1018 Oxonien.
1401 989 1427 1016 7.
1449 1005 1486 1009 —-

163 1029 189 1061 2,
217 1028 235 1057 3
256 1031 433 1065 Priusquam
456 1034 496 1057 tu.
522 1047 547 1049 ν-
577 1030 606 1063 5,
639 1028 656 1056 5
677 1030 772 1057 Ciseri
800 1037 853 1057 nec
875 1030 945 1055 vini.
970 1046 1002 1048 —
1026 1028 1058 1061 6,
1088 1029 1105 1055 6
1127 1029 1255 1056 Iudeuni.
1279 1043 1314 1048 --
1336 1030 1369 1059 5,
1397 1027 1413 1055 7
1439 1030 1485 1056 fae

164 1069 323 1135 3223}th
354 1070 387 1102 9,
410 1067 426 1094 4
455 1070 527 1096 veri.
550 1085 587 1088 —
616 1066 660 1100 10,
685 1066 698 1094 1
729 1068 895 1103 redemptor
915 1067 1002 1095 filius.
1045 1067 1194 1095 Abschrift
1214 1077 1271 1094 von
1292 1068 1362 1094 Rev.
1387 1068 1423 1094 H.
1445 1068 1486 1094 M.

556 1200 622 1230 234.
667 1200 708 1230 De
732 1199 914 1230 s.10hanne
936 1200 1090 1239 Baptista.

643 1290 704 1321 Ad
739 1289 1004 1321 Matutinum.

175 1360 205 1393 1.
233 1359 336 1391 Dulce
361 1358 460 1390 melos
488 1362 597 1398 tangat
623 1357 728 1388 caelos

279 1407 315 1439 In
342 1407 494 1439 Iohannis
521 1405 704 1446 praeconio,

231 1455 328 1488 Cuius
355 1459 459 1495 pater,
487 1455 533 1485 sic
560 1458 590 1485 et
617 1456 719 1485 mater

280 1503 401 1535 Nomen
428 1506 563 1542 tangunt
589 1502 768 1542 praesagio.

891 1358 921 1388 2.
950 1356 1111 1388 Gabi-ielis
1138 1366 1199 1388 vox
1228 1357 1267 1388 de
1294 1357 1391 1387 caelis

997 1405 1165 1437 Dubitanti
1193 1405 1368 1436 Zachariae

947 1453 1042 1484 Hunc
1069 1451 1209 1483 futurum
1237 1454 1432 1484 nasciturum

998 1501 1119 1532 Premit
1146 1510 1215 1531 eum
1244 1502 1328 1532 vitae
1353 1502 1448 1533 serie.

518 1572 548 1602 3.
577 1569 711 1601 sidereo
737 1569 805 1608 regi
833 1567 900 1600 Deo

627 1616 720 1655 Laus,
748 1617 860 1654 honor,
887 1616 999 1654 virtus,
1028 1616 1140 1657 gloria.

578 1665 637 1705 Qui
665 1674 722 1696 nos
749 1665 846 1697 ducat
871 1668 903 1695 et
929 1665 1085 1704 perducat

626 1714 679 1744 Ad
706 1713 867 1745 caelorum
893 1713 1025 1752 palatia.

685 1809 745 1840 Ad
782 1808 961 1840 Laudes.

174 1882 205 1914 1.
233 1880 362 1913 Gaudet
387 1883 495 1911 coetus
522 1882 631 1909 noster
657 1877 760 1907 laetus

278 1929 439 1961 Christum
447 1927 558 1958 mundi
567 1927 814 1964 redemptorem,

229 1977 422 2018 Agonistam
448 1975 501 2014 qui
530 1974 703 2014 baptistam

281 2026 376 2058 Suum
405 2023 481 2054 fecit
508 2030 763 2062 praecursorem.

889 1877 920 1908 2.
948 1875 1031 1907 Dum
1051 1884 1112 1907 non
1136 1875 1249 1916 credit,
1278 1884 1339 1905 vox
1358 1874 1482 1906 recedit

999 1923 1183 1962 Zachariae,
1212 1923 1314 1954 sancti
1340 1923 1453 1962 patris,

955 1971 1062 2003 Sensit
1088 1971 1218 2010 plausus
1236 1971 1341 2002 adhuc
1359 1972 1485 2004 clausus

1006 2021 1043 2051 ln
1069 2024 1160 2050 utero
1186 2028 1262 2051 suae
1288 2021 1411 2052 matris.

628 2090 659 2121 3.
688 2087 824 2121 Sidereo
851 2088 917 2128 regi
941 2087 1019 2119 Deo.

331 2189 392 2221 Ad
427 2188 620 2220 Primam.

229 2256 349 2289 Mundi
377 2259 465 2288 sator
491 2259 523 2286 et
549 2254 727 2294 plasmator

282 2304 341 2336 Tui
368 2303 537 2344 praeconis
564 2309 694 2333 munere

233 2354 279 2385 Te
305 2353 451 2393 laudare,
477 2355 509 2382 te
535 2357 644 2383 amare

281 2402 350 2434 Fac
377 2409 433 2433 nos
461 2403 491 2431 et
519 2403 623 2431 tecum
651 2396 769 2428 vivere.

1023 2183 1084 2215 Ad
1119 2183 1321 2215 Tertiam.

953 2250 1163 2282 Catechizans
1190 2253 1222 2281 et
1248 2250 1416 2290 baptizans

1002 2299 1159 2330 Iohannes
1185 2299 1414 2338 paenitentiam

953 2347 1117 2386 Diligebat
1143 2351 1174 2378 et
1200 2347 1325 2379 colebat

1002 2395 1083 2427 Prae
1110 2396 1233 2428 cunctis
1258 2394 1485 2427 innocentiam.
