1651 2680
173 197 206 231 3.
233 197 302 230 Vae
326 197 418 231 vobis
442 198 643 241 mortalibus,

281 245 341 286 Qui
365 246 488 287 putatis
510 247 629 288 vivere,

233 293 313 326 Cum
337 303 424 327 mors
447 294 490 326 sit
512 295 546 326 in
572 294 707 338 foribus,

280 343 368 382 Quae
393 341 476 375 solet
501 344 650 376 occidere

278 389 329 422 De
353 396 540 422 cunctorum
567 401 684 432 genere

229 438 332 471 Filios
359 447 431 470 cum
457 439 615 478 patribus.

277 486 391 529 Homo,
420 486 637 529 reminiscere,

787 104 855 141 357

864 206 898 237 4.
923 205 1028 238 Unum
1054 206 1155 247 prosit
1182 207 1326 239 omnibus

974 254 1143 286 Dominum
1171 258 1322 295 metuere,

926 301 997 333 Non
1025 303 1127 342 ipsum
1154 303 1340 335 timentibus

974 398 1090 430 Verum
1116 401 1164 429 est
1189 399 1355 439 acquirere

925 445 1027 477 Deum
1055 447 1272 486 diligentibus,

973 494 1133 534 Quidquid
1163 495 1273 526 volunt
1297 498 1420 535 petere,

230 533 308 566 Cum
334 534 479 567 abundas
505 535 630 578 opibus,

926 542 1022 573 Iustis
1048 545 1153 573 tamen
1179 543 1339 582 precibus,

276 582 342 614 Eas
367 587 399 614 te
427 583 600 615 dimittere.

975 590 1027 620 Sic
1054 590 1205 621 debemus
1232 590 1373 622 credere.

500 691 531 721 5.
559 690 647 729 Quae
674 694 705 721 te
731 691 830 722 vincit
856 692 985 724 rabies?

614 738 694 769 Nam
721 743 775 770 tua
802 749 853 771 res
880 741 995 781 agitur,

560 785 643 817 Dum
671 787 766 818 vicini
793 789 898 827 paries

609 835 778 866 Proximus
805 838 1011 869 comburitur.

610 882 672 913 Hic
698 883 787 921 vivit,
815 884 867 915 hic
892 886 1046 926 moritur3

560 929 632 966 Die,
656 931 760 969 homo,
787 933 864 971 quid
891 932 1014 964 facies?

609 979 770 1018 Quidquid
796 980 873 1011 orbe
900 981 1070 1020 clauditur,

559 1025 602 1056 Et
629 1036 727 1066 genus
754 1031 786 1058 et
811 1029 934 1067 species

608 1075 643 1105 In
673 1079 831 1107 momento
857 1076 1015 1115 perditur.

231 1177 393 1206 Collectan.
422 1186 475 1205 ms·
496 1178 602 1204 Incert.
624 1177 738 1214 Origin.
759 1187 834 1206 saec.
860 1177 902 1205 15.
946 1180 1015 1206 Cod.
1037 1180 1164 1206 Pal-isin.
1187 1180 1282 1206 Nouv.
1303 1189 1367 1217 aeq.
1396 1180 1477 1207 1544.

587 1377 650 1408 314.
694 1378 735 1408 De
756 1377 907 1409 Vanitate
928 1378 1041 1409 Mundi.

168 1497 199 1531 1.
225 1496 413 1529 vanitatum
440 1496 565 1528 vanitas
593 1490 596 1493 ’
861 1500 890 1531 2,
918 1498 1073 1530 Mundum
1103 1497 1184 1529 velle
1211 1507 1336 1540 sapere,

272 1545 334 1577 Est
359 1544 462 1577 omnis
488 1545 600 1576 mundi
627 1545 719 1576 huius

225 1594 290 1626 Res
316 1597 372 1626 aut
395 1594 617 1633 saecularitas,

271 1641 362 1674 Finis
388 1641 492 1674 malus
519 1642 629 1681 cuius;

226 1689 311 1722 Hinc
328 1699 439 1731 pensa,
459 1690 544 1729 quod
564 1689 705 1721 futurum
726 1694 785 1730 est,

270 1738 338 1778 Quo
365 1742 520 1771 venturus
546 1739 688 1780 tandem,

223 1786 307 1819 Nam
333 1787 534 1819 iudicaturus
561 1790 610 1818 est

271 1835 359 1868 Deus
387 1844 495 1868 veram
522 1835 555 1866 in
581 1835 715 1867 lancem.

968 1547 1083 1578 Dolum
1110 1549 1165 1578 aut
1190 1546 1353 1585 honorem,

919 1595 997 1626 Eius
1025 1594 1172 1627 fraudem
1199 1603 1344 1635 carpere,

966 1644 1192 1675 Blandientum
1219 1652 1349 1685 morem,

918 1692 1055 1723 Ventum
1082 1692 1155 1723 talis
1182 1691 1309 1732 retinet,

967 1739 1030 1772 Sed
1057 1750 1119 1772 non
1146 1739 1239 1770 nimis
1266 1740 1331 1780 diu,

918 1788 980 1819 Hic
1003 1788 1104 1820 Deum
1133 1797 1195 1818 non
1221 1788 1336 1819 attinet

965 1837 1002 1868 In
1028 1837 1085 1867 tali
1111 1836 1243 1868 ambitu.

488 1942 519 1973 3.
546 1940 598 1972 Ab
625 1940 674 1972 his
701 1944 733 1972 et
759 1942 863 1973 carnis
890 1950 985 1972 onere

602 1989 796 2029 Diabolique
822 1988 948 2026 fraude,

553 2038 583 2070 A
609 2039 734 2078 peccati
760 2038 904 2078 pondere

601 2086 646 2118 Et
671 2086 711 2118 ab
737 2086 823 2118 omni
850 2086 951 2127 clade,

552 2134 641 2166 Deus
666 2134 738 2175 pius
764 2134 881 2166 liberet

601 2182 668 2214 Nos
693 2183 796 2214 trinus
823 2186 855 2214 et
881 2191 972 2221 unus,

552 2231 611 2270 Qui
638 2231 787 2270 gaudium
815 2230 946 2269 tribuet,

598 2279 658 2318 Qui
685 2282 734 2310 est
759 2287 880 2310 summe
906 2278 1016 2310 bonus.

224 2385 348 2414 Colleet.
376 2393 429 2412 ms.
458 2384 610 2412 Seitzense
639 2393 716 2411 saec.
746 2382 789 2412 15.
831 2383 901 2412 cod.
924 2385 1047 2412 Roman.
1075 2382 1132 2412 602
1157 2384 1261 2419 (Varia
1281 2383 1318 2418 4).
1341 2400 1375 2404 —
1397 2384 1430 2418 3,
1456 2384 1476 2413 4

146 2423 227 2454 omni
249 2423 364 2452 claude.
387 2439 425 2444 -
446 2423 509 2458 „De
529 2424 662 2450 vanitate
682 2422 785 2450 mundi
803 2431 921 2451 carmen
942 2426 975 2450 ut
997 2423 1151 2459 „Patris
1180 2423 1410 2460 sapientia“.
