1651 2680
737 127 779 132 —-
832 106 996 142 198—

227 204 282 236 22.
309 203 398 234 Haec
424 203 569 243 despexit
595 203 673 235 haec
697 207 835 245 terrena,

222 413 278 445 23.

220 768 275 798 24.

218 977 273 1007 25.

221 1186 274 1219 26.

217 1396 273 1427 27.

217 1606 273 1638 28.

217 1816 272 1848 29.

219 2169 274 2201 30.

307 250 411 283 Caelis
437 255 549 291 regnat
574 251 652 282 haec
676 259 834 291 suprema,

351 297 413 330 Ubi
439 299 527 330 nulla
551 299 692 332 tristitia.

306 412 394 444 Haec
420 418 466 444 est
490 414 553 445 vita
580 418 784 450 mortuorum,

305 459 406 492 Dulce
432 470 558 492 carmen
584 461 777 500 angelorum,

350 509 565 540 Interventrix
592 510 757 543 scelerum.

302 556 364 587 Per
372 566 464 596 quam
473 557 628 598 Christus,
639 566 693 588 rex
702 557 871 595 caelorum,

305 603 418 635 Vincla
443 605 535 635 solvit
562 610 773 645 peccatorum,

302 652 417 683 Preces
443 653 531 683 audit
557 653 775 684 contritorum.

303 766 390 798 Haec
416 771 463 798 est
488 767 554 801 illa,
581 776 660 806 quae
686 767 818 797 nescivit

303 813 441 845 Thorum
469 816 538 853 viri,
568 815 639 845 dum
667 839 675 847 .

350 862 445 893 Porta
471 868 583 902 patens
610 863 737 899 caelica,

305 975 392 1007 Haec
411 981 455 1008 est
477 978 574 1018 virgo,
596 986 675 1016 quae
691 976 831 1016 portavit

300 1023 400 1055 Deum
428 1034 554 1059 verum,
585 1033 674 1064 quem
702 1024 829 1063 amavit,

349 1075 446 1109 Quem
458 1073 565 1103 laudat
577 1072 666 1111 plebs
677 1072 830 1111 angelica.

303 1185 390 1217 Haec
417 1187 447 1217 in
475 1187 569 1217 caelis
598 1190 766 1217 veneratur

301 1233 341 1263 Et
369 1234 399 1265 in
427 1234 520 1265 terris
546 1235 698 1265 adoratur

348 1282 375 1312 A
402 1281 496 1321 plebe
522 1281 687 1312 catholica.

302 1395 408 1426 Mater
434 1396 544 1432 dulcis,
572 1405 627 1426 nos
656 1395 786 1434 dignare

300 1443 367 1473 Tua
392 1443 486 1473 laude
513 1442 698 1473 confirmare

302 1490 343 1520 Et
369 1491 484 1521 virtute
510 1490 670 1521 roborare.

305 1604 353 1635 Ne
374 1606 405 1636 in
431 1605 548 1636 mundo
574 1605 631 1636 hoc
658 1605 816 1643 cadamus,

302 1652 346 1682 Te
373 1653 498 1684 iuvante
524 1653 704 1687 evadamus,

304 1699 400 1738 Lapsi
426 1710 483 1740 per
508 1705 538 1731 te
564 1709 773 1739 resurgamus,

300 1814 407 1856 Virgo,
437 1815 538 1846 duleis
564 1823 688 1854 parens,

300 1863 400 1894 Tactu
426 1863 485 1894 viri
513 1871 632 1894 carens.

298 1910 396 1942 Modo
423 1912 502 1941 miro
528 1910 689 1950 peperisti.

301 1958 402 1989 Deum
429 1959 509 1990 caeli
535 1957 680 1999 genuisti,

300 2007 329 2037 A
356 2015 416 2045 quo
443 2006 524 2037 facta
554 2011 586 2036 tu
614 2004 711 2038 fuisti.

302 2055 376 2086 Post
401 2063 490 2094 quem
511 2054 599 2093 virgo
617 2052 828 2092 permansisti.

302 2168 348 2199 Tu
374 2179 391 2200 a
420 2168 545 2199 Christo
571 2177 604 2198 es
630 2167 731 2198 electa

298 2216 339 2248 Et
367 2216 406 2248 ab
434 2217 503 2256 ipso
530 2226 563 2248 es
589 2218 742 2255 protecta.

300 2263 395 2296 Ouius
425 2269 526 2295 mater
550 2273 583 2295 es
612 2263 740 2295 dilecta.

909 203 966 238 31.

906 518 962 550 32.

902 739 958 771 33.

903 954 958 987 34.

906 1168 961 1199 35.

903 1381 959 1413 36.

901 1690 956 1722 37.

903 1954 958 1987 38.

902 2170 957 2202 39.

992 203 1018 236 Ο
1043 211 1095 235 res
1119 203 1210 242 mira,
1237 203 1338 236 virtus
1364 203 1439 236 diva

992 250 1123 283 Illibata
1147 252 1361 293 permansisti,

990 298 1108 330 Natum
1135 298 1232 330 caelis
1256 298 1460 341 praemisisti,

990 346 1043 378 Ad
1078 346 1166 378 cuius
1190 346 1334 378 dextram
1362 345 1521 386 resedisti,

991 393 1125 433 Quando
1150 393 1302 426 mundum
1328 393 1497 434 reliquisti.

990 517 1039 548 Ibi
1066 526 1192 557 semper
1217 518 1389 559 veneram,

990 566 1087 605 Virgo
1111 574 1237 606 parens,
1265 569 1295 596 et
1322 565 1476 604 laudaris,

987 614 1074 652 Quae
1109 622 1178 644 cum
1205 613 1331 646 Christo
1360 613 1519 653 gloriaris,

986 738 1011 770 O
1037 747 1130 778 quam
1157 738 1242 777 pium
1268 743 1317 770 est
1341 738 1474 770 laudare

985 785 1046 817 Dei
1067 790 1200 817 matrem
1228 789 1259 816 et
1285 795 1402 821 amare,

985 833 1066 865 Toto
1093 834 1188 864 corde
1215 836 1386 873 suspirare,

988 954 1073 992 Quae
1100 953 1280 984 laudantem
1306 953 1444 992 protegit

987 1001 1055 1032 Nee
1081 1001 1259 1040 plorantem
1286 1001 1434 1041 despicit,

987 1048 1049 1080 Sed
1077 1048 1165 1088 quasi
1192 1052 1294 1079 mater
1318 1048 1460 1088 respicit.

989 1167 1110 1208 Gaude,
1140 1170 1243 1198 mater
1268 1168 1407 1205 pietatis,

984 1214 1105 1251 Gaude,
1129 1224 1237 1245 norma
1265 1216 1418 1250 caritatis,

984 1261 1107 1299 Gaude,
1135 1260 1235 1292 forma
1263 1263 1452 1295 sanctitatis.

987 1380 1108 1415 Gaude,
1137 1380 1225 1419 virgo
1251 1381 1417 1421 castitatis,

986 1427 1109 1465 Gaude,
1136 1428 1288 1467 templum
1316 1429 1480 1467 trinitatis,

985 1476 1022 1506 In
1047 1485 1158 1506 manus
1182 1481 1254 1506 tuae
1280 1476 1409 1514 pietatis

984 1523 1039 1554 Me
1059 1524 1256 1564 commendo,
1276 1524 1330 1555 lux
1350 1524 1517 1561 claritatis,

986 1571 1031 1603 Ut
1056 1579 1105 1602 me
1131 1572 1264 1601 mundes
1290 1582 1307 1603 a
1334 1573 1485 1613 peccatis.

983 1690 1008 1722 Ο
1035 1691 1123 1730 virgo

1031 1738 1091 1769 Dei
1118 1739 1271 1777 piissima.

983 1786 1035 1816 Ad
1063 1795 1111 1816 me
1137 1787 1191 1826 pia

1033 1838 1181 1865 converte
1206 1835 1340 1868 viscera.

988 1954 1012 1985 O
1040 1963 1119 1993 quae
1146 1955 1195 1985 via
1221 1963 1254 1986 es
1282 1955 1364 1991 filiis.

988 2002 1064 2032 Tuis
1091 2011 1240 2033 succurre
1266 2004 1413 2038 servulis,

989 2050 1118 2080 Cunctis
1145 2049 1193 2080 fer
1219 2059 1309 2089 opem
1335 2052 1470 2084 miseris.

987 2169 1093 2200 Mater
1111 2169 1222 2209 dulcis,
1246 2180 1307 2202 non
1326 2182 1375 2203 me
1393 2172 1509 2206 fraudo

987 2217 1119 2256 Quando
1147 2218 1250 2248 lesum
1277 2224 1370 2259 teque
1396 2221 1502 2263 laudo,

986 2265 1103 2296 Preces
1129 2265 1214 2304 audi,
1243 2276 1369 2300 vni-men
1395 2269 1520 2304 claudo.

1511 2200 1520 2216 5

283 2371 363 2397 Lect.
396 2380 446 2397 ms.
475 2370 652 2396 Villariense
684 2376 759 2394 saec.
791 2365 864 2396 ¹³!14.
909 2369 979 2397 Cod.
1008 2369 1103 2396 Palat.
1133 2369 1335 2399 Vindoboneu.
1373 2371 1453 2401 1134.
1484 2391 1521 2395 --

205 2407 252 2442 25,
273 2407 291 2436 2
311 2408 378 2435 dum
402 2410 511 2436 sanivit
532 2408 601 2436 oder
621 2407 736 2435 fanivit.
756 2407 809 2433 Hs.
