1651 2680
181 201 212 234 9.
238 199 315 234 cnm
341 197 474 232 herbam
498 199 688 240 patientiam

149 673 204 706 10.

146 1144 201 1177 11.

143 1612 196 1645 12.

141 2083 196 2117 13.

281 247 462 280 Portaveris
489 248 520 280 in
546 257 652 293 manu,

233 296 349 328 Hostes
374 296 406 328 in
433 297 607 328 caecutiam

274 344 388 377 Vertis
412 347 496 385 tuos,
523 345 595 377 sinu

230 392 415 433 Requiescit
439 394 610 432 grandium

278 440 376 473 Cibus
401 441 593 480 sapientum,

226 488 286 521 Est
312 489 392 521 haec
417 489 516 521 herba
545 489 673 522 fortium

278 537 606 570 Perseveramentum.

230 670 352 712 Herba,
378 680 460 712 qnae
484 672 608 705 iustitia

278 719 415 758 Dicitur,
443 720 580 753 locanda

229 767 301 800 Non
327 768 430 810 longe,
459 769 516 800 sed
542 770 648 810 spatia

274 815 354 847 Sunt
379 817 625 858 interponenda,

228 863 289 896 Est
313 864 537 897 misericordia

274 912 499 953 Discretioque
525 918 629 946 mater

228 959 399 1000 Virtutum,
427 966 475 992 est
501 963 623 1003 optima

273 1009 319 1040 Et
342 1010 503 1042 servanda
527 1020 666 1050 semper.

228 1143 317 1176 Haec
341 1153 478 1184 namque
505 1145 657 1177 discretio

275 1192 367 1224 Valet
390 1193 463 1233 plus
490 1202 584 1233 quam
612 1203 734 1234 aurum,

226 1239 260 1271 Si
285 1241 352 1272 eius
373 1241 532 1281 plantatio

273 1288 382 1330 Deest,
410 1289 455 1320 nil
481 1294 536 1321 aut
562 1299 675 1330 pamm

228 1335 345 1369 Cetera
369 1340 444 1369 sunt
468 1339 585 1380 omnia,

273 1385 355 1417 Nam
381 1390 669 1425 temperamentum

223 1433 283 1465 Est
309 1434 491 1473 herbarum,
519 1435 641 1466 semina

271 1481 369 1514 Ducit
393 1483 426 1514 in
452 1488 669 1524 augmentum.

223 1611 301 1645 Cum
326 1612 387 1644 hac
413 1613 580 1645 liberalius

273 1661 400 1701 Optime
425 1665 490 1693 stat
515 1670 642 1701 semper

225 1709 346 1742 Mentis
372 1711 440 1742 sive
463 1711 596 1751 mititas,

272 1757 349 1790 Cole
375 1759 433 1791 has
460 1759 633 1798 diligenter

224 1805 301 1839 Cum
330 1807 563 1846 benevolentia,

270 1856 359 1894 Quae
384 1855 469 1887 viret
494 1854 580 1887 omni
606 1855 696 1894 hora,

222 1902 317 1935 Hanc
342 1913 414 1936 cum
442 1903 609 1944 diligentia

271 1951 388 1985 Planta
413 1952 482 1984 sine
507 1962 606 1984 mora.

222 2083 284 2116 Est
309 2093 385 2115 rara
410 2083 511 2115 herba
537 2083 722 2124 plurimum,

272 2131 399 2163 Nobilis
425 2131 481 2164 sed
508 2132 653 2170 multum,

223 2181 344 2219 Stupor
368 2180 461 2220 quasi
484 2180 660 2217 hominum,

759 103 826 139 321
881 126 924 132 -

844 203 897 237 14.
925 204 1062 238 Redolet
1088 207 1279 248 peroptime,

839 678 894 709 15.

840 1148 893 1180 16.

838 1615 892 1648 17.

835 2083 889 2116 18.

273 2227 307 2260 Si
334 2228 392 2267 vis,
413 2228 530 2259 crescit
552 2236 611 2268 per
630 2227 761 2267 cultum,

223 2276 328 2310 Huius
353 2276 440 2308 horti
465 2277 584 2308 raritas

271 2324 406 2356 Minime
431 2328 464 2356 te
489 2327 614 2365 gravet,

221 2373 267 2406 Et
293 2376 342 2404 est
365 2373 604 2414 exemplaritas,

271 2421 466 2454 scandalum
493 2430 574 2461 quae
601 2423 704 2454 cavet.

181 2481 326 2508 Dreves,
344 2479 392 2502 Pia
409 2478 576 2503 Dietamjna.
608 2478 670 2502 VII.

973 254 1037 286 Sed
1063 263 1125 286 non
1151 256 1237 286 omni
1264 255 1357 287 horto

925 300 1059 341 Crescit,
1087 311 1106 333 o
1133 302 1306 345 carissime,

971 351 1094 390 Quaere
1119 350 1202 382 hanc
1228 352 1260 382 in
1286 355 1358 383 ortu

925 397 1157 438 Cuiuscumque
1183 398 1292 439 operis

973 446 1155 478 Intentione
1182 447 1276 488 bona,

923 493 957 525 Si
983 495 1091 526 debite
1117 495 1286 535 locaveris,

972 543 1171 574 Accrescunt
1197 543 1255 575 tibi
1285 543 1377 575 dona.

921 676 1037 708 Adhuc
1062 676 1163 708 herba
1188 676 1304 715 rarior,

970 725 1039 764 Igni
1065 725 1215 764 similata,

926 772 1081 813 Pretiosa,
1109 774 1222 811 carior,

973 821 1128 853 Obtinens
1154 825 1275 861 optata,

925 868 1068 900 Fervens
1095 872 1143 900 est
1168 869 1281 907 oratiO,

972 917 1100 948 Caelum
1127 926 1208 956 quae
1235 918 1357 949 intrare

924 964 1011 996 Solet
1039 964 1214 1006 fumigatio,

969 1013 1013 1045 Ut
1039 1012 1147 1053 aquila
1172 1014 1290 1045 volare.

921 1147 969 1180 Sit
997 1146 1125 1178 humilis
1153 1156 1222 1178 cum
1249 1148 1391 1179 moribus

969 1196 1106 1234 Optimis
1132 1200 1161 1226 et
1189 1196 1293 1237 boniS,

921 1243 1057 1275 Actibus
1084 1244 1250 1282 parilibus,

970 1292 1197 1331 Respondeant
1225 1296 1259 1323 ut
1286 1291 1378 1325 donis

920 1340 991 1376 Dei,
1018 1340 1077 1371 sed
1103 1340 1251 1371 omittere

970 1388 1041 1419 Non
1069 1387 1167 1419 debes
1194 1397 1289 1419 eausa
1318 1388 1409 1419 huius

920 1436 1005 1474 Alia,
1032 1445 1113 1477 quae
1141 1435 1247 1468 facere

966 1484 1100 1516 Teneris
1127 1488 1170 1526 et,
1197 1484 1283 1524 quod
1310 1485 1420 1516 maius.

921 1614 999 1646 Cum
1027 1615 1152 1646 cantico
1177 1619 1209 1646 et
1236 1614 1359 1646 cithara

967 1663 1172 1696 Concordent
1211 1672 1273 1695 vox
1300 1668 1329 1694 et
1358 1662 1456 1695 verba.

918 1711 961 1742 Et
985 1712 1050 1743 alia
1075 1716 1245 1751 praeterea

967 1759 1078 1791 Virtus
1105 1760 1173 1791 sive
1200 1759 1310 1797 herba,

919 1808 1005 1846 Quae
1031 1809 1063 1838 in
1091 1807 1207 1839 bonum
1234 1812 1361 1839 vertere

968 1855 1083 1897 Debet,
1111 1855 1267 1895 quidquid
1291 1855 1402 1897 currit,

918 1903 1089 1942 Eventum,
1114 1908 1146 1934 te
1173 1908 1341 1935 conectere

966 1952 1009 1983 Et
1035 1953 1081 1983 sio
1107 1960 1140 1982 se
1167 1952 1334 1984 comburit.

919 2082 1060 2114 Herbam
1086 2091 1211 2122 quoque
1237 2082 1332 2114 aliam

966 2130 1087 2163 Audivi
1114 2131 1376 2172 praecellentem,

918 2179 1006 2218 Quae
1030 2188 1094 2211 nou
1119 2179 1221 2211 laedit
1246 2180 1344 2211 aliam

968 2227 1037 2259 Nec
1064 2228 1191 2259 dentem
1219 2227 1386 2260 rodentem

920 2275 1039 2316 Habet,
1063 2275 1121 2307 sed
1148 2285 1207 2307 nec
1233 2275 1314 2308 alias

965 2324 1122 2356 Admittit
1148 2323 1382 2365 fraudulenter,

921 2370 962 2404 Se
987 2371 1118 2412 inspicit
1144 2376 1176 2404 et
1201 2373 1281 2405 alias

967 2421 1066 2454 Curat
1090 2421 1266 2454 evidenter.

1247 2476 1282 2506 21
