1651 2680
595 87 853 122 -125-

80 188 112 220 5.
138 184 258 225 Maria,
283 184 328 216 sis
353 184 445 216 istius

185 231 335 273 promissi
361 240 484 272 secura,

137 281 212 314 Erit
236 279 296 312 tibi
320 279 406 311 filius

185 331 333 368 stupente
358 331 484 367 natura,

141 377 234 410 Prius
258 379 290 406 et
315 375 474 416 posterius

185 424 274 464 virgo
299 433 518 464 permansura,

139 472 307 512 Concipies
331 481 465 512 puerum

184 520 264 552 miro
290 524 384 560 partu
409 519 572 559 paritura3

138 569 279 602 Naturae
304 573 338 600 tu
364 569 412 599 ius

187 616 308 648 violans
334 616 440 656 gravis
466 614 627 651 efficieris,

140 665 239 703 lilius,
266 673 299 696 es
326 664 414 695 cuius

186 712 262 746 filia„
288 717 391 744 mater
417 711 490 744 eris.

107 838 114 845 ,
139 808 230 850 Quali
255 809 358 842 modo.
386 808 504 843 nescio,

188 857 306 888 Venter
333 856 452 896 prolem
481 853 605 895 fundat,

141 906 237 944 Quem
265 904 402 936 carnalis
428 903 512 934 actio

189 952 257 984 Viri
282 961 342 984 non
369 951 531 986 fecundat,

143 1001 217 1034 Sine
242 1000 395 1032 exercitio

190 1049 291 1081 Terra
316 1056 377 1079 non
405 1046 541 1078 fructum
569 1048 633 1084 dat,

142 1098 254 1130 Semen
281 1097 334 1128 ubi
361 1104 420 1127 non
448 1099 506 1132 est,

186 1144 307 1176 fructus
339 1152 400 1175 non
424 1143 499 1174 inde
524 1144 695 1180 redundat÷

141 1192 257 1226 Deficit
281 1192 411 1224 effectus

188 1241 249 1272 sibi
275 1249 371 1272 causa
396 1239 574 1280 deficiente,

142 1290 263 1329 Illeque
289 1287 432 1320 defectus

187 1337 223 1369 fit
248 1345 352 1369 rerum
379 1336 449 1376 lege
474 1340 632 1369 manente.

771 185 802 218 7.
829 184 854 218 O
880 185 997 225 Man'a,
1026 184 1156 217 dubium

877 234 939 266 Cor
963 232 1082 264 habere
1110 234 1229 273 desine,

829 280 998 321 Concipies
1025 280 1124 312 filium

876 329 950 360 Sine
978 329 1037 359 viri
1065 330 1194 364 semine.

828 376 907 408 Tale
933 376 1137 417 puerperium

876 424 974 456 Dabit
1001 432 1057 454 suo
1084 425 1221 465 numine,

829 471 886 504 Cui
914 477 979 503 tres
1004 480 1172 511 personae,

875 521 937 551 tria
963 520 1091 550 nomina
1116 525 1189 552 sunt
1214 521 1282 552 sine
1308 519 1386 557 fine3

828 569 898 607 Qui,
926 568 1001 608 quia
1027 573 1058 598 te
1085 569 1204 609 reperit

878 615 1072 656 fragrantem
1088 616 1159 655 plus
1179 617 1387 654 cinnamomo,

830 664 867 696 In
894 669 949 695 tua
974 673 1008 694 se
1034 664 1148 695 clausit

880 713 1003 743 viscera
1030 710 1133 744 factus
1160 713 1261 743 homo.

793 835 798 840 .
828 808 863 839 In
891 808 950 849 his,
978 817 1058 847 quae
1084 812 1117 839 tu
1143 808 1270 847 asseris,

875 857 956 888 Toto
983 856 1079 887 corde
1104 856 1237 896 gaudeo,

831 904 963 935 Venisse
987 914 1005 935 a
1031 905 1156 943 superis

879 952 971 983 Nunc
997 957 1028 982 te
1055 961 1128 983 vere
1155 952 1257 987 video,

831 999 913 1040 Scio,
941 1000 1096 1039 quidquid
1125 1000 1244 1031 dixeris

878 1048 924 1079 De
955 1053 1050 1088 partu
1077 1048 1232 1089 virgineo,

829 1096 934 1127 Credo
959 1105 1032 1126 nam
1060 1094 1153 1126 facile

876 1144 983 1174 onmia
1009 1152 1102 1182 posse
1128 1144 1205 1175 Deo.

832 1192 865 1223 Si
893 1192 1057 1222 dubitasse
1085 1191 1173 1223 vides

876 1248 935 1278 me,
964 1240 1087 1271 veniam
1114 1240 1189 1271 mihi
1218 1240 1292 1278 des3

830 1287 939 1319 Tarda
965 1288 1047 1320 solet
1074 1288 1196 1328 magnis

877 1336 971 1367 rebus
997 1337 1101 1367 inesse
1126 1336 1217 1367 fides.

453 1423 484 1454 9.
512 1422 594 1454 Olim
622 1422 674 1462 qui
701 1422 860 1454 aridulam

565 1471 693 1510 Virgam
722 1469 918 1510 fecundavit,

514 1517 682 1550 Elisabeth
710 1518 848 1550 vetulam

562 1568 622 1607 Qui
648 1576 732 1598 nunc
758 1567 1002 1607 impraegnavit,

517 1615 562 1646 Te
588 1615 721 1655 pudoris
748 1615 897 1646 cellulam

565 1663 634 1695 Sibi
660 1665 880 1703 praeparavit,

299 1713 397 1752 Virgo
424 1712 541 1743 decora
566 1713 671 1750 nimiS,
699 1711 805 1743 David
833 1712 872 1743 de
899 1711 1018 1742 semine
1044 1710 1138 1749 regis.

299 1761 374 1799 Vas,
401 1761 499 1800 virgo,
527 1760 649 1800 veniae,
677 1759 806 1791 missum
834 1760 892 1791 tibi
919 1759 1045 1798 suscipe
1071 1758 1183 1796 Deum,

297 1809 403 1841 Solem
430 1807 582 1842 iustitiae.
610 1817 717 1848 regem
743 1808 889 1848 paritura
915 1816 1107 1847 supremum.

147 1893 305 1921 Collectan.
322 1903 373 1921 ms.
389 1894 494 1921 Incert.
509 1892 641 1930 Originis
656 1902 732 1923 saec,
750 1892 792 1920 15.
829 1893 901 1922 (jod,
921 1893 1048 1920 Parisin.
1063 1892 1158 1920 Nouv.
1175 1902 1237 1928 acq.
1256 1890 1337 1919 1544.
1352 1906 1387 1911 -

69 1930 95 1965 7,
117 1932 134 1960 3
156 1940 277 1968 puerum
298 1941 391 1969 gegen
411 1933 467 1960 den
488 1932 582 1960 Reim.

516 2065 563 2096 78.
604 2065 646 2095 De
670 2065 768 2095 Partu
791 2063 944 2104 Virginis.

772 2156 804 2188 2.
832 2155 909 2188 Cum
936 2155 1005 2186 sine
1031 2153 1118 2193 paris
1146 2155 1260 2194 copula

833 2205 964 2236 Patrem
990 2202 1077 2243 parit
1103 2203 1255 2243 puellula,

832 2253 902 2284 Nec
928 2251 1088 2290 frangitur
1113 2251 1289 2292 ampullula

880 2299 1024 2340 Virginei
1049 2299 1193 2341 pudoris,

879 2348 1037 2380 Naturam
1063 2348 1130 2380 nati
1154 2347 1243 2380 floris

832 2397 1046 2430 Admirantur
1070 2396 1236 2430 miracula.

83 2157 114 2190 1.
141 2156 190 2189 De
215 2157 369 2196 crystallo
394 2156 581 2195 scintillula,

141 2205 190 2238 De
215 2204 296 2238 rubo
321 2205 419 2237 micat
441 2203 604 2237 flammula

140 2253 184 2286 Et
209 2253 318 2286 clausa
343 2253 427 2286 botri
455 2253 599 2285 clausula

187 2302 265 2335 Flos
290 2301 405 2335 florum
429 2302 686 2339 immarcescens‚

187 2350 264 2383 Plus
289 2349 368 2383 flore
391 2349 449 2382 flos
474 2348 677 2391 flagrescens,

137 2398 187 2432 De
211 2399 299 2432 Iesse
323 2399 435 2440 prodit
460 2398 597 2438 virgula.
