1651 2680
666 96 714 102 —-
763 77 927 112 234-—

185 171 209 199 1.
234 173 385 200 Visionem
408 172 595 200 admirandae
872 172 898 200 5.
920 173 976 201 His
999 173 1126 200 solutum
1149 173 1199 200 lux
1220 171 1349 199 secunda

273 211 372 238 ordior
393 211 535 238 historiae
958 213 1133 240 semivivum
1153 211 1287 245 suscipit,

232 249 270 275 Et
291 251 437 276 succincte
459 249 585 276 scribam
608 252 727 276 textum-
919 250 987 277 Non
1007 249 1177 282 curandum,
1198 249 1248 275 sed
1265 246 1452 276 mactandum

270 288 378 314 Felicis
402 288 559 314 memoriae
955 289 1142 323 scorpionum
1163 288 1281 314 ictibus.

182 342 209 370 2.
232 344 356 376 Quidam
378 346 423 371 vir
444 345 609 380 religiosus,
870 343 898 372 6.
918 345 1019 372 Tertia
1039 345 1085 372 his
1106 345 1249 373 liberatus

271 383 348 409 fama
369 392 427 409 nou
449 384 623 418 incognitus,
955 383 1080 410 traditur
1099 384 1212 413 exsilio,

237 422 363 456 Sei-ipsit
379 430 447 451 rein,
463 430 548 455 quani
561 421 635 447 vidit
646 420 763 456 quidam
918 421 977 448 Iter
997 422 1060 457 agit
1081 422 1239 449 destitutus

276 460 305 486 in
328 461 419 486 extasi
443 461 563 494 positus.
959 460 1109 487 hominum
1129 459 1264 487 consilio.

185 515 212 542 3.
236 516 350 543 Ductus
372 518 463 543 animi
484 525 606 543 excessu
871 515 899 543 7.
920 517 1001 544 Nihil
1026 518 1122 544 minus
1143 519 1248 552 quarto
1270 516 1317 542 die

274 555 405 581 ambulat
427 563 478 588 per
498 556 586 585 invia,
960 555 1070 590 patitur
1090 554 1277 587 discriminis,

233 593 314 619 Nulli
337 594 393 620 sibi
417 596 517 628 patent
537 593 641 628 campi,
920 594 1016 624 Fame,
1039 594 1089 620 siti
1110 596 1139 619 et
1159 594 1272 620 fervore

272 631 353 658 nulla
376 632 439 658 loca
463 632 570 666 pervia.
959 636 1121 658 maceratur
1141 632 1239 658 eremi.

185 688 212 715 4.
235 687 333 715 Primo
355 689 401 715 die
424 693 500 716 moto
522 698 622 721 gressu
873 688 898 716 8.
921 689 1030 722 Quinto
1053 690 1165 724 asperis
1185 689 1310 715 ferarum

276 729 304 754 in
327 727 454 754 latrones
477 728 580 755 incidit
960 727 1087 754 laniatur
1106 727 1253 762 unguibus

235 765 273 791 Et
295 766 403 801 ligatus
425 768 534 792 strictis
556 767 626 792 loris
922 765 961 791 Et
981 766 1147 800 frequenter
1167 766 1312 791 laceratur

270 813 362 838 paene
384 806 446 830 vita
467 804 573 831 deficit.
958 804 1118 830 bestiarum
1140 803 1286 829 morsibus
1309 806 1361 829 ebc-

530 907 582 936 181.
626 907 666 936 De
688 909 830 946 superna
851 905 1057 936 Hierusalem.

332 977 403 1014 Eia,
429 978 550 1008 veracis
577 977 778 1009 Hierusalem
804 977 883 1008 visio
910 977 1008 1015 pacis,

331 1024 504 1056 Ordinibus
530 1025 618 1056 miris
645 1025 718 1057 Sion
747 1024 881 1056 fundata
906 1024 1056 1064 saphiris,

329 1071 430 1103 Obvia
456 1073 643 1111 procedens,
671 1081 762 1104 voces
789 1072 968 1105 dulcedinis
994 1072 1103 1111 edens,

331 1120 432 1151 Voces
459 1121 607 1159 laetitiae,
636 1130 728 1152 voces
756 1121 834 1152 daus
862 1120 1082 1160 hymnologiae

295 1192 302 1200 .
331 1166 461 1198 Cantica
488 1169 656 1206 cantando,
683 1169 852 1200 Dominum
879 1167 1019 1199 Sabaoth
1046 1166 1241 1204 venerando„

332 1214 462 1255 Suscipe
489 1217 644 1247 laetanter
669 1216 831 1248 Christum
858 1223 963 1255 regem
990 1214 1172 1255 iubilanter‚

332 1263 390 1299 Qui
416 1269 447 1294 te
474 1264 620 1303 sacravit,
649 1263 780 1303 propria
806 1262 867 1294 sibi
893 1266 994 1293 morte
1021 1261 1152 1302 dicavit,

330 1311 389 1347 Qui
416 1320 508 1341 cruce
534 1311 679 1350 signavit,
707 1311 760 1350 qui
785 1311 936 1349 sanguine
962 1308 1154 1349 purificavit.

329 1359 417 1388 Auro
443 1359 604 1395 sternens,
631 1358 762 1397 gemmis
788 1361 900 1389 ornata
925 1357 1051 1393 nitebis,

253 1405 304 1436 10.
335 1404 418 1436 Luce
444 1405 634 1445 coruscabis,
663 1405 774 1436 similis
802 1405 884 1437 vitro
911 1403 1069 1437 rutilabis.

331 1452 378 1482 Tu
404 1453 494 1484 radio
521 1462 633 1492 magno
660 1452 760 1492 patris
786 1451 999 1484 illustraberis
1020 1461 1112 1491 agno,

333 1499 380 1530 Tu
406 1500 502 1531 solem
531 1501 638 1532 radius
665 1500 917 1540 septempliciter
941 1499 1117 1539 superabis,

331 1547 440 1578 sistris
468 1548 617 1588 virgineis
644 1548 817 1587 puerilibus
842 1552 937 1587 atque
964 1547 1086 1578 choreis

334 1596 369 1626 In
395 1601 425 1625 te
452 1595 609 1634 laudetur,
637 1596 693 1627 sed
721 1600 751 1625 et
777 1595 917 1626 Alleluia
944 1598 1085 1626 canetur,

251 1643 304 1674 15.
333 1642 511 1674 Parietibus
538 1645 636 1674 vastis
661 1648 712 1675 tua
740 1643 978 1682 propugnacula
1004 1642 1123 1681 Iaspis-

333 1692 398 1728 Que
424 1692 592 1729 crystallus
619 1692 689 1727 erit,
717 1695 827 1731 portae
853 1691 921 1722 sine
946 1689 1007 1721 fine
1034 1689 1200 1729 patebunt,

335 1737 498 1778 Nunquam
527 1739 724 1777 claudentur,
752 1739 825 1778 quia
851 1737 942 1769 firma
969 1746 1046 1777 pace
1074 1737 1228 1769 fruentur.

333 1786 377 1816 Te
403 1786 490 1818 Deus
517 1786 620 1826 elegit.
649 1786 783 1826 populos
810 1790 841 1817 et
867 1795 964 1826 regna
989 1785 1127 1825 subegit,

335 1834 462 1865 Cunctis
489 1835 665 1876 praelatam
691 1834 786 1866 terris
813 1833 903 1865 dedit
928 1833 1133 1865 inmediatam

253 1883 306 1913 20.
336 1882 492 1923 Christus,
520 1891 575 1914 rex
603 1891 720 1922 regum,
749 1882 836 1913 cuius
860 1881 1008 1913 diadema
1034 1890 1179 1912 serenum

333 1930 402 1968 Est,
430 1930 601 1962 electorum
629 1930 771 1969 lapidum
798 1934 960 1961 structura
984 1938 1137 1961 novorum

335 1977 371 2009 In
396 1978 521 2018 lapides
547 1978 596 2009 bis
623 1987 690 2015 sex,
718 1986 795 2017 quos
822 1977 854 2008 in
881 1977 1061 2009 diademate
1087 1976 1151 2008 fert
1177 1986 1243 2015 rex,

334 2025 490 2066 Discipuli
517 2026 565 2058 bis
591 2035 657 2058 sex.
684 2024 798 2065 quibus
824 2029 872 2055 est
898 2025 1065 2056 commissa
1090 2024 1153 2057 Dei
1177 2025 1239 2058 lex,

334 2073 473 2105 Ornatur
497 2074 629 2114 gemmis
657 2074 739 2104 vitae
766 2076 927 2105 structura
949 2073 1109 2113 perennis,

250 2123 305 2154 25.
334 2124 470 2159 Quorum
496 2121 683 2162 splendores
714 2122 791 2153 dant
818 2129 909 2153 veros
934 2129 1065 2152 noscere
1092 2128 1207 2161 mores,

335 2169 380 2201 Ut
405 2169 530 2209 lapides
556 2169 620 2201 vivi
645 2177 824 2200 mereamur
848 2168 881 2199 in
907 2169 1036 2200 aethere
1062 2167 1173 2200 scribi.

336 2216 465 2257 Plaude,
494 2218 580 2255 Sion,
607 2216 698 2248 nobis
724 2217 809 2247 intra
835 2217 964 2249 stellata
989 2216 1122 2250 colonis.

334 2264 418 2296 Laus
442 2269 473 2296 et
498 2266 640 2297 hosanna
664 2264 745 2304 Deo,
772 2265 825 2304 qui
851 2264 955 2296 iunxit
981 2268 1086 2296 terrea
1115 2264 1215 2298 caelo.

272 1169 290 1198 C!

213 2342 333 2408 Colgggt.
363 2349 415 2368 ms.
445 2342 543 2369 Carth.
571 2339 682 2368 Montis
709 2342 739 2368 S.
767 2340 851 2367 Beati
877 2348 953 2368 saec·
984 2337 1027 2367 13.
1055 2337 1113 2375 [14.
1145 2338 1209 2375 15.].
1251 2340 1320 2367 Cod.
1347 2338 1455 2366 Vindo-

137 2384 242 2410 bonen.
323 2402 327 2407 .
