1651 2680
715 126 759 132 —
809 106 877 142 277
929 125 975 130 —

600 217 666 249 239.
711 220 751 250 De
773 220 885 250 sancta
905 219 1096 250 katharina.

885 332 917 362 5.
942 325 1137 361 Exsufflavit
1162 327 1377 367 blanditores,

943 376 1073 415 sprevit
1104 376 1251 408 Caesaris
1278 380 1426 413 tortores.

946 424 1074 456 Fatuati
1107 429 1179 455 sunt
1208 425 1354 455 doctores

996 472 1142 513 Virginis
1169 471 1350 512 prudentia.

197 329 228 362 1.
255 323 446 366 Katherina,
472 336 597 367 gemma
622 328 723 368 clara,

256 374 380 414 Sponsa
404 376 517 406 summi
544 376 628 415 regis
656 385 741 414 cara,

255 423 456 456 Secretorum
483 423 544 454 Dei
570 433 680 463 guara,

303 470 457 503 Castitate
482 470 607 503 florida.

198 588 217 618 [Q

890 587 922 619 6.
951 584 1135 619 Roboratur
1161 587 1229 618 Deo
1255 586 1351 625 plena

950 634 1047 666 Fides
1075 635 1224 674 martyris
1250 634 1281 664 in
1310 643 1424 673 poena,

950 682 1076 713 Fractis
1103 683 1181 713 rotis
1206 691 1275 714 cum
1301 687 1411 714 catena

998 730 1221 769 Triumphavit
1248 731 1364 762 omnia.

225 612 231 618 .
259 583 290 619 A
316 585 416 626 regali
442 586 544 626 stirpe
571 590 656 625 nata,

256 634 292 665 In
318 634 437 665 virtute
463 634 615 673 solidata,

255 681 365 713 Mente
392 690 500 721 sagax,
529 681 634 714 forma
659 686 763 722 grata,

303 730 338 760 In
365 739 511 761 sermone
537 730 686 770 provida.

196 845 228 878 3.
255 840 320 876 Tot
345 844 520 876 virtutibus
547 848 706 885 protecta,
893 846 925 878 7.
954 843 1145 877 Inuninente
1169 845 1220 876 die
1245 846 1356 876 mortis

255 892 308 923 Ad
335 893 524 924 calcandum
553 903 586 924 es
613 893 727 933 electa,
952 893 1139 924 Decollatur
1165 894 1255 933 virgo
1282 891 1385 932 fortis,

254 940 376 972 Contra
401 940 570 972 Dominum
598 945 708 972 erecta
950 941 1049 972 Manu
1075 941 1213 972 caelicae
1240 940 1379 971 cohortis

303 987 394 1020 Colla
421 997 529 1028 regum
555 989 695 1029 turgida.
998 988 1188 1029 sepulturae
1215 988 1363 1021 traditur.

195 1105 226 1135 4.
255 1100 347 1135 Hanc
373 1102 560 1135 Maxentius
587 1105 767 1144 tormentis,
891 1104 923 1136 8.
952 1100 1041 1136 Nunc
1068 1107 1163 1134 exuta
1189 1104 1390 1142 corruptelis.

253 1151 363 1192 Minis,
391 1151 530 1191 probris,
558 1151 788 1183 blandimentis
950 1151 1048 1182 Dives
1076 1152 1208 1188 meritis,
1237 1151 1268 1182 in
1296 1152 1393 1182 caelis

257 1199 355 1230 Nisus
382 1203 429 1230 est
454 1209 473 1230 a
499 1198 610 1230 firmae
638 1200 753 1231 mentis
953 1200 1014 1230 Pro
1040 1199 1250 1230 terrestribus
1276 1198 1380 1230 fidelis

304 1248 448 1280 Trahere
476 1247 669 1279 constantia.
999 1248 1167 1279 Advocata
1195 1247 1347 1279 creditur.

551 1355 584 1385 9.
612 1350 707 1386 Alma
733 1353 825 1392 virgo
851 1353 1039 1387 Katherina.

611 1401 688 1432 'suis
714 1400 843 1433 famulis
870 1401 1007 1442 propina

611 1448 659 1480 De
686 1449 817 1480 caelesti
844 1449 1013 1490 medicina,

659 1498 746 1536 Quae
773 1497 813 1528 de
841 1502 872 1529 te
901 1497 1107 1537 dispergitur.

259 1602 337 1631 Orat,
368 1610 420 1629 ms.
452 1601 613 1637 Campense
639 1603 708 1629 anni
741 1599 822 1628 1462.
865 1601 935 1629 cod.
957 1601 1175 1628 Darmstadivu.
1198 1600 1261 1628 5⁴21.
1302 1617 1316 1618 ἡ
1344 1603 1402 1629 Der
1424 1603 1506 1629 Reim

180 1640 284 1667 hindet
300 1640 331 1674 je
352 1641 414 1668 drei
437 1640 583 1676 Strophen
606 1649 641 1666 zu
663 1642 745 1668 einer
765 1640 897 1668 Einheit.
919 1655 955 1658 —
977 1641 1011 1667 In
1033 1640 1185 1667 ‹lerselhen
1204 1640 1396 1667 Hamis-christ
1416 1640 1509 1667 findet

181 1679 243 1706 sich
265 1680 316 1705 ein
336 1679 460 1706 anderes
482 1679 654 1715 Reimgebet
674 1680 727 1706 auf
743 1678 875 1706 dieselhe
898 1678 1016 1714 Heilige
1039 1681 1091 1705 mit
1112 1679 1177 1705 dem
1194 1679 1341 1714 Anfange:
1363 1679 1490 1707 Gaude
1504 1700 1510 1709 ,

181 1719 290 1751 virgo
317 1717 548 1749 Katharina‚
576 1717 624 1743 Es
653 1726 836 1744 conversa
863 1719 900 1744 vi
928 1717 1065 1744 divina.
1115 1718 1258 1745 Dasselbe
1287 1719 1325 1744 ist
1353 1719 1435 1746 indes
1465 1720 1509 1745 iu-

180 1757 257 1792 folge
287 1764 343 1783 von
373 1755 601 1792 Beschfidigung
630 1756 682 1783 der
711 1756 906 1783 Handschrift
936 1766 968 1783 so
998 1756 1214 1789 versttimmelt,
1246 1756 1309 1783 dass
1341 1766 1398 1783 von
1427 1758 1509 1784 einer

181 1794 379 1830 Wiedergabe
401 1792 568 1829 abgesehen
590 1795 705 1822 werden
726 1794 840 1822 musste.

599 1966 669 1996 240.
713 1966 754 1996 De
776 1968 887 1997 sancta
910 1965 1097 1996 Katharina.

888 2077 919 2108 2.
948 2076 993 2106 Te
1020 2075 1078 2107 sub
1105 2075 1183 2106 rotis
1210 2077 1379 2116 peregrina

948 2123 1074 2155 Fractis
1101 2127 1170 2154 arte
1197 2124 1277 2155 iuvit
1303 2126 1386 2157 trina

994 2172 1108 2204 Deitas
1135 2181 1194 2211 per
1219 2173 1384 2213 nuntium;

947 2220 1027 2253 Esto
1053 2219 1130 2251 mihi
1158 2220 1316 2252 medicina

193 2079 224 2111 1.
255 2076 375 2108 Christi
402 2075 492 2116 virgo
519 2075 710 2115 Katharina„

252 2124 340 2164 Lege
367 2127 516 2156 constans
542 2125 575 2156 in
602 2124 724 2163 divina,

298 2172 413 2205 Vicisti
440 2172 660 2211 Maxentium3

249 2221 325 2253 Miti
352 2229 430 2253 voce
456 2221 637 2253 columbina

250 2268 446 2303 convertisti
473 2278 543 2301 cum
571 2270 681 2309 regina

298 2318 436 2350 Militem
463 2317 691 2359 Porphyrium.

946 2269 1066 2301 Contra
1092 2268 1235 2300 morbum
1262 2273 1293 2300 et
1320 2280 1368 2302 me
1394 2271 1479 2302 mina

994 2316 1058 2348 Sub
1087 2316 1167 2348 duce
1192 2316 1344 2350 fidelium.

255 2424 336 2452 Orat.
358 2432 411 2451 ms.
434 2423 592 2460 Anglican.
613 2431 689 2451 saec.
714 2421 758 2452 13.
799 2423 871 2450 Cod.
893 2422 1058 2451 Londinen.
1082 2421 1128 2448 Ar.
1152 2420 1217 2450 201.
