1651 2680
447 259 478 292 3.
508 260 627 293 Mediae
649 261 752 293 Noctis
773 261 812 292 ad
833 262 1000 292 nocturnos
1022 258 1170 291 videlicet
1194 256 1332 296 hymnos.

398 349 485 382 Galli
511 354 606 382 cantu
631 351 791 382 mediante
816 351 918 382 noctis
943 350 1004 381 iam
1033 347 1204 388 caliginem

395 397 439 429 Et
462 397 643 439 profundae
668 398 771 430 noctis
795 402 898 430 atram
923 397 1050 428 levante
1076 395 1278 427 formidinem

393 445 450 484 Te,
478 445 564 478 Deus
590 447 684 485 alme,
710 454 857 485 rogamus
882 444 1106 484 supplicesque
1132 442 1303 481 poscimus,

393 493 437 526 Ut
463 502 483 525 a
508 493 600 525 nobis
626 494 720 525 tollas
742 493 794 532 pie
819 493 915 524 chaos
941 490 1130 522 confusibile

392 540 553 581 Erebique
580 541 707 572 chasma
734 540 845 580 pellaS,
873 539 983 571 mortis
1009 543 1102 570 antra
1128 540 1285 568 conteras.

390 588 444 620 Ad
470 588 530 620 hoc
555 598 626 620 nam
655 588 768 619 venisti
795 588 932 618 clemens
957 596 976 618 a
1003 585 1144 626 paternis
1171 583 1312 621 sedibus,

389 636 486 678 vigil,
512 640 637 677 potens,
663 636 716 667 lux
743 635 891 674 perennis
917 638 1011 674 atque
1037 638 1143 664 custos
1170 632 1337 671 maximus,

386 683 469 715 Dum
497 687 642 715 tenerent
666 683 758 714 simul
787 687 900 713 cuncta
926 682 1064 713 medium
1089 680 1251 712 silentium

388 731 575 763 Redderent
603 739 662 762 nec
686 740 747 762 non
775 731 940 762 mortalem
969 730 1084 761 mortui
1111 727 1261 768 effigiem,

304 779 359 812 10.
388 779 456 818 Quo
483 788 539 810 nos
565 779 734 815 excitares,
762 778 899 816 Christe,
928 778 967 810 de
993 787 1103 809 somno
1129 777 1271 808 malitiae

299 1019 354 1053 15.

297 1260 353 1294 20.

294 1501 350 1534 25.

283 1701 406 1730 Collect.
430 1711 483 1729 ms.
505 1704 635 1730 incertae
657 1705 729 1739 orig.
752 1712 828 1731 saec.
852 1701 895 1730 10.
917 1703 987 1731 Cod.
1010 1705 1134 1732 Rernen.
1155 1702 1220 1731 584.
1242 1719 1279 1722 —
1296 1706 1400 1732 Dieser
1414 1705 1473 1732 und
1488 1705 1535 1732 die

208 1740 316 1768 beiden
337 1741 495 1776 folgenden
516 1742 654 1776 Hymnen
676 1742 742 1768 sind
765 1743 794 1768 in
816 1742 867 1769 der
882 1742 1076 1769 Handschrift
1090 1742 1221 1770 entstellt
1238 1743 1415 1774 iiberliefert‚
1438 1744 1535 1771 indem

205 1780 271 1806 eine
292 1787 386 1814 ganze
407 1779 523 1806 Anzahl
544 1780 646 1807 Zeilen
666 1780 718 1807 des
740 1784 835 1807 ersten
858 1781 916 1807 und
938 1780 988 1807 des
1010 1783 1133 1809 zweiten
1155 1782 1185 1807 in
1205 1781 1262 1808 den
1282 1782 1391 1809 dritten
1414 1787 1535 1817 geraten

204 1817 280 1845 sind.
328 1817 380 1845 Ich
411 1818 482 1845 teile
509 1817 601 1845 daher
627 1821 699 1845 statt
726 1819 800 1845 aller
830 1820 972 1846 Lesarten
1002 1824 1086 1847 unter
1112 1820 1177 1847 dem
1207 1818 1425 1856 hergestellten
1443 1822 1535 1849 Texte

383 827 611 866 Redderesque
637 826 728 858 nobis
755 826 854 857 lucem
883 827 968 858 vitae
994 835 1121 866 semper
1143 826 1291 857 comitem

382 878 489 914 Atque
513 875 614 915 gratis
639 874 794 906 liberares
822 878 979 906 nocturno
1005 875 1044 906 de
1072 883 1212 906 carcere.

379 922 523 963 Namque
550 933 612 954 nox
637 923 741 961 signat
767 923 906 955 adversa
934 923 1046 954 mortis
1073 928 1103 954 et
1132 923 1275 962 pericula

379 971 570 1011 Tartarique
596 971 802 1011 phlegetonta
829 971 941 1011 pingit,
968 976 1062 1003 antra
1089 971 1202 1003 tristia.

383 1019 502 1052 Contra
527 1028 607 1059 quae
634 1020 746 1051 venisti
775 1020 914 1056 tandem,
939 1021 992 1060 qui
1020 1019 1166 1051 formasti
1193 1019 1362 1062 hominem,

382 1068 453 1099 Lux
479 1071 619 1108 aeterna,
648 1068 752 1099 lumen
780 1072 903 1109 potens,
932 1069 1000 1099 dies
1027 1068 1226 1107 indeficiens,

380 1115 570 1147 Debellator
595 1120 684 1147 atrae
709 1116 822 1155 noctis,
851 1122 1018 1156 reparator
1044 1116 1171 1147 luminis

378 1164 632 1204 Destructorque
655 1164 871 1203 tenebrarum,
898 1165 1078 1197 illustrator
1104 1165 1267 1201 mentium,

379 1211 447 1251 Quo
472 1216 622 1244 nascente
645 1212 847 1250 suscitamur,
875 1223 936 1252 quo
965 1218 1098 1245 vocante
1125 1213 1294 1252 surgimus,

380 1261 448 1300 Quo
473 1269 492 1292 a
517 1266 618 1292 morte
645 1260 784 1296 liberati,
813 1270 874 1300 quo
900 1271 1007 1293 sumus
1034 1262 1205 1301 perlucidi,

380 1309 448 1348 Quo
475 1309 586 1340 mortis
614 1309 751 1340 victores
778 1308 867 1344 faeti,
894 1312 998 1342 noctis
1025 1314 1120 1350 atque
1147 1310 1278 1350 saeculi,

378 1356 530 1389 Faciente
557 1366 618 1397 quo
644 1357 740 1399 beati,
768 1367 829 1397 quo
856 1358 1019 1398 linquente
1045 1359 1164 1391 miseri.

375 1404 464 1445 Ergo
490 1405 592 1445 nobis⁷
620 1414 677 1437 rex
703 1410 844 1445 aeterne,
872 1406 973 1437 lucem
1000 1407 1088 1438 illam
1115 1406 1232 1446 tribue,

375 1454 462 1493 Quae
488 1453 576 1485 nulla
600 1452 744 1485 fuscatur
770 1458 874 1493 nocte,
901 1455 969 1486 solo
995 1455 1138 1495 gaudens
1165 1455 1293 1487 lumine.

378 1500 490 1534 Gloria
516 1502 558 1533 sit
584 1501 652 1533 Deo
679 1502 775 1542 patri,
804 1503 949 1542 prolique
976 1504 1115 1542 spiritui,

373 1549 443 1581 Deo
469 1551 554 1582 trino
582 1559 640 1581 nec
667 1559 726 1581 non
755 1551 819 1589 uni,
849 1552 930 1591 paci,
959 1552 1054 1589 vitae,
1082 1551 1204 1592 lumini,

374 1597 506 1629 Nemini
530 1599 679 1630 nimirum
708 1598 795 1630 dulci
822 1599 995 1639 divinoque
1020 1600 1152 1632 numini.

202 1857 267 1889 mit,
289 1857 345 1883 wie
366 1856 499 1884 derselbe
522 1857 553 1883 in
574 1856 625 1883 der
646 1857 750 1890 Quelle
771 1858 906 1893 vorliegt.

432 1923 513 1951 Galli
534 1927 623 1950 cantu
646 1924 793 1951 mediante
814 1926 909 1951 noctis
932 1926 989 1952 iarn
1011 1927 1168 1962 caliginem

433 1962 474 1989 Et
491 1962 652 1998 profundae
675 1964 770 1989 noctis
792 1967 885 1990 atram
908 1964 1023 1991 levante
1045 1964 1229 1991 formidinem

429 2002 480 2033 Te,
503 2001 583 2028 Deus
605 2001 694 2033 alme,
718 2010 854 2036 rogamus
879 2003 1086 2038 supplicesque
1110 2005 1266 2040 poscimus,

431 2041 472 2068 Ut
492 2048 510 2067 a
526 2040 614 2066 nobis
636 2040 724 2067 tollas
747 2041 794 2075 pio
817 2040 907 2067 chaos
929 2042 1103 2070 confusibile

428 2078 579 2114 Erebique
600 2078 720 2106 chasma
741 2079 845 2114 pellas,
868 2080 970 2106 mortis
991 2085 1077 2108 antra
1103 2086 1301 2117 proconteraS.

428 2117 474 2144 Ad
495 2117 551 2144 hoe
566 2126 634 2144 nam
656 2118 764 2144 venisti
787 2117 915 2144 clemens
937 2127 955 2145 a
976 2121 1107 2154 paternis
1130 2120 1258 2153 sedibus,

429 2156 522 2191 Vigil,
545 2159 648 2191 potens
671 2156 721 2182 lux
746 2157 882 2189 perennis
905 2159 993 2191 atque
1014 2162 1113 2184 custus
1137 2161 1289 2191 maximus,

429 2195 507 2222 Dum
531 2198 664 2222 tenerent
685 2194 771 2221 simul
795 2198 901 2221 cuncta
924 2196 1050 2222 medium
1074 2198 1226 2224 silentium

430 2233 598 2261 Redderent
619 2241 673 2259 nec
694 2242 752 2259 non
775 2233 927 2260 mortalem
952 2236 1064 2261 meritis
1086 2234 1192 2270 effigie,

433 2272 498 2306 Quo
520 2280 574 2298 nos
596 2273 750 2303 excitares,
772 2271 899 2302 Christe.
920 2272 955 2299 de
978 2281 1081 2300 somno
1104 2274 1236 2303 malitiae

433 2311 530 2346 Atque
551 2310 645 2346 gratis
667 2309 809 2337 liberares
831 2315 974 2337 nocturno
997 2312 1031 2339 de
1053 2321 1178 2340 carcere.

431 2350 566 2385 Namque
588 2357 647 2375 nox
668 2349 768 2385 signat
788 2348 913 2375 adversa
936 2351 1038 2377 mortis
1060 2355 1090 2378 et
1112 2353 1254 2387 pericula,

428 2387 538 2415 Contra
560 2396 635 2423 quae
657 2388 766 2414 venisti
787 2387 914 2419 tandem.
937 2390 986 2423 qui
1009 2389 1141 2417 formasti
1164 2391 1320 2426 homiuem,

424 2426 600 2454 Debellator
620 2429 702 2453 atrae
725 2427 829 2460 noctis,
853 2431 1006 2461 reparator
1027 2428 1158 2461 luminis.
