1651 2680
189 161 245 193 46.

188 384 245 417 47.

186 614 242 647 48.

186 844 241 876 49.

185 1072 241 1104 50.

189 1300 243 1334 51.

186 1531 242 1562 52.

184 1761 239 1793 53.

184 1989 240 2021 54.

186 2215 242 2246 55.

727 62 963 98 -58-

273 161 354 198 Ave,
381 159 543 199 lapsorum
570 158 712 199 baculus,

272 208 354 245 Ave,
380 207 541 247 pigrorum
567 206 724 247 stimulus,

271 256 353 293 Ave,
381 258 563 286 sanctorum
589 254 763 296 speculum,

270 305 350 343 Ave,
379 303 432 341 qui
457 301 563 334 salvas
588 301 760 336 saeculum.

271 385 352 421 Ave,
379 383 488 414 mundi
514 383 707 424 speculator,

272 430 411 463 Periculi
438 431 612 466 nuntiator,

271 480 353 518 Ave,
380 482 574 519 pugnantum
601 479 755 517 clippeus,

270 529 382 567 Aquae
409 528 499 558 vivae
524 531 558 558 tu
584 530 709 565 puteus.

270 614 351 651 Ave,
378 615 522 644 sanctum
549 613 754 653 cataplasma,

269 662 337 700 Quo
363 665 493 692 sanatur
519 663 607 692 tuum
633 660 756 700 plasma

270 710 298 740 A
326 708 449 748 peccati
476 708 680 747 languoribus

270 756 313 787 Et
338 755 455 787 inferni
484 755 659 788 doloribus,

269 844 348 877 Ave,
377 841 465 872 dives
493 845 523 872 et
549 840 676 877 nobilis,

269 889 369 921 Totus
396 889 630 929 desiderabilis,

268 940 348 974 Ave,
378 936 447 968 fons
474 937 649 976 sapientiae

267 985 309 1016 Et
335 989 458 1016 amator
484 983 670 1017 munditiae.

269 1073 348 1111 Ave,
377 1072 442 1102 vita
469 1071 651 1111 viventium,

269 1121 349 1158 Ave,
376 1128 450 1158 spes
475 1119 689 1158 morientium,

267 1167 347 1206 Ave,
376 1167 476 1197 virtus
502 1166 665 1206 debilium,

271 1215 354 1254 Ave,
384 1223 487 1245 comes
514 1214 690 1252 humilium,

268 1301 349 1338 Ave,
377 1304 488 1339 potens
514 1299 678 1334 auxilium,

270 1349 350 1384 Ave,
377 1356 487 1378 sanum
513 1347 690 1386 consilium,

270 1396 351 1433 Ave,
379 1394 481 1426 morbi
508 1395 693 1435 remedium,

267 1444 350 1481 Ave,
377 1443 431 1481 qui
456 1442 543 1474 tollis
568 1443 719 1474 taedium.

268 1529 349 1564 Ave,

269 1578 350 1613 Ave,

267 1625 347 1665 Ave,

269 1674 348 1712 Ave,

378 1528 480 1559 dulcis
507 1533 538 1559 et
563 1530 699 1568 patiens,

377 1585 455 1615 prae
479 1576 601 1607 cunctis
626 1577 765 1616 sapiens,

377 1624 514 1655 clemens
541 1628 569 1655 et
598 1624 742 1665 benigne,

376 1672 439 1712 iugi
467 1672 561 1703 laude
587 1672 690 1712 digne.

266 1759 346 1794 Ave,

268 1807 350 1843 Ave,

269 1854 350 1891 Ave,

266 1902 348 1938 Ave,

375 1758 496 1789 fructus
523 1758 720 1798 benedictus,

377 1854 472 1885 iudex
500 1854 683 1896 iustissime,

375 1902 465 1932 testis
493 1902 668 1935 verissime.

266 1988 347 2029 Ave,
375 1988 487 2019 doctor
515 1988 669 2026 veritatis,

269 2036 349 2074 Ave,
378 2036 469 2067 radix
497 2036 652 2074 caritatis,

269 2084 350 2121 Ave,
378 2087 502 2114 torrens
529 2083 712 2125 voluptatis,

270 2131 357 2164 Fons
384 2132 480 2162 totius
506 2131 669 2164 bonitatis.

269 2214 351 2250 Ave,
377 2222 488 2244 norma
513 2212 665 2253 iustitiae,

270 2260 448 2300 Exemplar
472 2260 658 2299 patientiae,

265 2309 348 2350 Ave,
375 2309 529 2349 splendor
555 2308 751 2348 caelestium,

266 2358 348 2395 Ave,
374 2356 480 2388 lumen
506 2355 659 2389 fidelium.

378 1806 466 1846 pugil
492 1815 652 1845 nunquam
678 1808 793 1847 victus,

879 161 933 194 56.

879 407 934 440 57.

877 655 932 688 58.

880 993 936 1025 59.

878 1237 935 1270 60.

878 1480 932 1513 61.

875 1726 930 1758 62.

876 1970 931 2002 63.

876 2214 930 2246 64.

960 161 1041 201 Ave,
1067 159 1172 192 fidelis
1198 159 1332 201 medice,

960 209 1041 246 Ave,
1068 206 1170 239 frater
1195 211 1227 239 et
1251 207 1364 247 amice,

962 258 1043 294 Ave,
1069 254 1189 287 laboris
1213 255 1404 295 praemium,

961 302 1203 343 Redemptionis
1229 302 1379 341 pretium.

962 408 987 440 O
1014 408 1152 447 pretium
1178 403 1352 446 sufficiens,

960 455 1026 487 Pro
1050 455 1143 486 nobis
1169 452 1383 491 satisfaciens,

959 502 1009 534 Tu
1035 502 1156 534 ditator
1181 501 1351 541 egentium,

959 550 1009 582 Tu
1033 550 1176 582 solamen
1200 547 1430 588 languentium.

960 656 1040 692 Ave,
1067 653 1177 685 mundi
1203 652 1393 693 redemptio,

960 704 1041 741 Ave,
1067 703 1224 733 iustorum
1251 702 1367 741 portio,

959 751 1041 785 Ave,
1069 749 1180 780 mortis
1207 752 1385 787 superator,

959 798 1041 837 Ave,
1067 795 1171 838 plebis
1196 796 1361 835 liberator,

960 847 1041 885 Ave,
1068 844 1212 884 prudens
1238 844 1405 886 mediator,

960 893 1041 929 Ave,
1070 890 1164 924 fortis
1189 891 1375 932 proeliator.

964 993 1043 1032 Ave,
1072 993 1140 1024 sine
1167 993 1254 1024 cuius
1282 992 1364 1023 dono

962 1039 1076 1071 Nullus
1100 1040 1217 1080 gaudet
1242 1040 1307 1071 ullo
1334 1040 1425 1082 bono,

960 1089 1041 1128 Ave,
1069 1087 1147 1128 legis
1174 1087 1327 1128 impletio,

967 1137 1173 1168 Peccatorum
1202 1135 1330 1170 deletio.

961 1238 1041 1274 Ave,
1068 1236 1152 1276 lapis
1178 1235 1341 1276 angularis

960 1284 1004 1315 Et
1028 1285 1181 1324 magister
1204 1283 1386 1324 singularis,

960 1333 1040 1370 Ave,
1066 1332 1098 1362 in
1125 1340 1186 1370 quo
1212 1336 1285 1363 sunt
1311 1331 1426 1371 omnia,

960 1376 1216 1422 Quae[cum]que
1241 1383 1313 1411 sunt
1339 1380 1439 1411 utilia.

960 1481 1039 1521 Ave,
1068 1481 1121 1520 qui
1148 1481 1284 1519 primum
1311 1480 1469 1512 hominem

957 1529 1009 1559 Ad
1038 1528 1176 1559 divinam
1205 1529 1374 1568 imaginem

957 1576 1082 1609 Creasti
1109 1576 1311 1610 mirabiliter.

958 1623 1022 1656 Sed
1049 1624 1076 1654 is
1102 1624 1328 1656 miserabiliter

959 1725 987 1756 A
1014 1728 1045 1755 te
1072 1723 1176 1756 factus
1202 1725 1395 1758 immortalis

957 1773 1069 1804 Morsu
1095 1773 1181 1813 pomi
1208 1774 1344 1806 noxialis

960 1822 996 1852 In
1021 1826 1154 1852 mortem
1182 1822 1245 1853 cito
1272 1822 1398 1857 cecidit,

957 1868 1041 1900 Dum
1066 1869 1155 1901 Evae
1182 1869 1274 1901 nimis
1301 1870 1452 1904 credidit.

958 1970 987 2000 A
1014 1972 1045 1999 te
1072 1968 1131 2001 fuit
1158 1970 1334 2011 elongatus,

962 2017 1041 2057 lugo
1066 2017 1172 2049 carnis
1198 2018 1395 2062 subiugatus,

961 2065 1151 2097 Paradisum
1179 2067 1331 2098 amiserat

959 2112 1003 2144 Et
1028 2111 1189 2145 infernum
1215 2119 1386 2148 meruerat.

959 2213 1037 2245 Eius
1063 2223 1187 2253 quoque
1214 2217 1387 2255 posteritas

958 2261 1101 2302 Sequens
1128 2269 1294 2304 parentum
1322 2266 1457 2298 semitas

960 2308 1023 2341 Sed
1050 2313 1095 2348 tu,
1123 2310 1206 2350 lesu,
1234 2321 1290 2344 rex
1317 2314 1450 2354 gloriae,

956 2357 1040 2389 Huic
1065 2357 1241 2391 condolens
1266 2361 1427 2404 miseriae,

1459 2292 1468 2310 7
