1651 2680
187 465 244 499 11.

182 924 238 957 12.

178 1376 232 1409 13.

174 1637 230 1669 14.

168 2082 224 2115 15.

706 103 967 139 -315-

272 201 318 234 Et
343 199 503 234 defunctis
528 199 619 241 aperi

319 247 439 282 fontem
465 247 606 288 pietatis,

271 297 356 336 Quos
382 299 419 328 tu
442 295 621 335 plasmasti,

321 345 403 387 Iesu,
430 343 583 375 miserere
607 344 738 385 renatis,

408 414 568 442 Praefatio.

271 466 438 505 Imperans
463 472 524 503 per
547 465 678 496 saecula

317 516 433 545 cuncta
458 512 670 546 saeculorum.

266 562 371 594 Amen
398 560 477 593 dicit
502 560 641 601 populus

315 613 348 640 et
372 607 465 650 plebs
492 609 676 649 electorum,

267 657 400 690 Sursum
426 656 534 697 corda,
563 656 691 688 domino

314 705 456 737 subdant
482 704 694 745 dominorum,

266 754 325 787 Cui
351 752 524 786 Cherubim
550 753 695 785 serviunt

313 811 352 834 ac
369 801 496 842 agmina
514 805 626 833 sancta
643 802 801 841 polorum.

416 872 552 900 Sanctus.

264 923 401 955 Sanctus
428 930 482 954 rec
508 921 673 963 pacificus,

310 971 423 1004 mortis
449 969 675 1010 triumphator,

265 1019 401 1052 Sanctus
427 1026 484 1050 rex
510 1017 708 1060 magnificus,

310 1067 451 1099 omnium
478 1070 616 1105 creator,

264 1115 400 1148 Sanctus
427 1114 508 1145 caeli
533 1114 659 1153 patriae

309 1163 431 1204 gloriae
458 1162 604 1202 donator,

261 1211 398 1243 Nomine
423 1211 466 1243 sit
492 1210 612 1243 Christi

305 1260 436 1291 veniens
454 1258 643 1289 benedictus
662 1262 797 1292 amator.

387 1324 572 1352 Benedictus.

260 1375 324 1412 Illi,
350 1384 409 1416 per
434 1383 527 1413 quem
553 1374 655 1406 libera

305 1427 360 1455 tua
386 1422 422 1455 fit
449 1423 604 1461 Susanna,

260 1471 375 1504 Coetus
402 1472 434 1503 in
461 1471 597 1502 excelsis

305 1523 488 1551 sanctorum
517 1518 603 1550 dicat
630 1519 793 1552 Hosanna.

415 1586 529 1614 Canon.

258 1637 345 1668 Iuste
370 1636 468 1668 iudex
494 1635 621 1675 patiens

304 1689 335 1716 et
362 1685 506 1716 salvator
531 1683 629 1724 Deus,

256 1734 355 1773 Virgo
380 1735 494 1769 mater,
522 1731 649 1763 Simeon

304 1786 336 1814 et
362 1780 639 1819 Bartholomaeus,

254 1831 446 1870 Adreasque
471 1828 619 1867 Iacobus,

303 1879 423 1911 Paulus
447 1882 477 1908 et
504 1877 688 1918 Taddaeus,

252 1927 420 1960 Barnabas
445 1928 476 1956 et
502 1925 618 1964 Lucas,

301 1975 459 2014 Clemens,
475 1973 591 2005 Petrus
602 1977 697 2013 atque
707 1973 792 2005 Mat-

502 2023 626 2064 thaeus,

252 2082 352 2114 Orate
377 2091 437 2121 pro
464 2080 578 2111 comite

299 2129 411 2161 mnndi
436 2129 684 2169 redemptorem,

251 2178 312 2218 Qui
337 2176 474 2210 redemit
499 2177 633 2208 miseros

300 2230 444 2258 sanctum
472 2234 531 2265 per
557 2233 714 2263 cruorem,

253 2275 299 2308 Ut
326 2273 509 2306 Willelmus
535 2273 652 2304 tartari

298 2331 419 2363 poenas
443 2325 476 2353 et
502 2321 668 2353 horrorem

255 2371 415 2404 Transeat
439 2370 582 2408 illaesae,

302 2429 365 2451 non
391 2418 510 2451 sentiat
532 2417 609 2449 inde
636 2417 789 2449 dolorem.

1071 204 1158 231 Pater
1179 204 1295 231 Noster.

883 260 938 294 16.
967 261 1025 302 Qui
1052 267 1204 295 venturus
1231 264 1363 296 saecula

879 663 931 696 17.

876 1134 930 1168 18.

869 1608 924 1640 19.

865 2081 921 2113 20.

1012 315 1127 343 cuncta
1151 311 1306 353 iudicare,

963 358 1151 399 Praeceptis
1178 359 1361 392 salubribus

1011 411 1116 438 monet
1143 416 1200 438 nos
1226 416 1329 441 orare.

961 454 1023 485 Dic
1048 460 1152 496 pater,
1181 454 1207 486 si
1232 455 1373 487 moribus

1009 507 1041 533 te
1067 504 1114 534 vis
1141 501 1327 545 informare,

962 549 1111 591 Digneris
1138 559 1252 582 nomen

1008 599 1040 630 in
1067 598 1158 630 nobis
1185 598 1398 631 sanctificare.

960 664 1062 696 Tuum
1089 674 1220 704 regnum
1249 666 1364 705 veniat,

1008 716 1095 744 tuum
1122 712 1178 744 fiat
1205 713 1298 749 velle,

959 760 995 792 In
1023 762 1118 792 terris
1144 765 1178 791 ut
1206 761 1297 799 solio,

1006 818 1068 848 quo
1095 809 1235 849 figuntur
1260 809 1385 848 stellae,

957 857 1076 889 Panem
1104 859 1187 889 dona
1213 857 1330 896 iugiter

1007 905 1181 938 dulciorem
1208 905 1313 945 melle,

957 952 1076 985 Debita
1103 954 1239 987 dimitte.

1005 1002 1214 1041 temptamina
1232 1005 1346 1033 cuncta
1361 1002 1492 1041 repelle.

1086 1076 1143 1104 Sed
1165 1076 1265 1103 libera,

958 1135 1078 1167 Libera
1103 1145 1170 1173 nOS,
1199 1135 1336 1167 Domine

1004 1193 1071 1223 rex,
1099 1194 1117 1215 a
1144 1184 1265 1214 cunctis
1292 1184 1397 1223 malis,

956 1231 1022 1263 Sub
1049 1233 1111 1263 tuis
1138 1232 1287 1262 continue

1001 1285 1207 1320 protegamur
1232 1280 1302 1317 alis,

951 1327 1043 1365 Dele,
1071 1328 1155 1367 quod
1183 1329 1386 1360 commiserat

1001 1376 1094 1407 homo
1122 1375 1276 1413 bestialis,

953 1424 1001 1455 Sit
1028 1424 1118 1455 nobis
1145 1428 1267 1454 scutum

998 1473 1149 1503 maiestas
1176 1472 1364 1511 imperialis.

1008 1548 1069 1575 Pax
1091 1551 1120 1575 et
1140 1547 1242 1582 Agnus
1266 1549 1331 1574 Dei.

950 1607 1019 1639 Pax
1044 1611 1100 1639 tna
1128 1607 1275 1638 continua

999 1656 1041 1686 sit
1067 1655 1243 1696 Willelmo,
1274 1655 1413 1691 Christe,

951 1704 1024 1743 Illa,
1052 1713 1144 1744 quam
1172 1713 1235 1734 non
1263 1707 1389 1743 poterat

1002 1752 1079 1783 dare
1105 1751 1243 1783 mundus
1269 1753 1342 1784 iste.

950 1801 1061 1840 Agnus
1088 1809 1145 1831 suo
1171 1800 1324 1839 sanguine

1000 1849 1116 1880 tollens
1143 1857 1236 1878 omne
1263 1848 1367 1888 triste,

951 1897 1004 1928 Ad
1033 1905 1141 1928 verum
1169 1897 1258 1936 pacis

999 1949 1162 1976 auctorem
1189 1948 1331 1975 transeat
1359 1945 1430 1976 iste.

1081 2021 1265 2047 Communio.

948 2080 1011 2112 Pro
1038 2080 1126 2111 cuius
1156 2080 1309 2110 memoria

996 2137 1112 2167 corpus
1139 2131 1187 2158 est
1215 2127 1368 2164 oblatum.

947 2176 1083 2216 Sanguis
1110 2181 1255 2215 sumptus
1281 2177 1441 2209 redimens

996 2225 1145 2255 miserum
1172 2229 1305 2267 reatum,

948 2273 1106 2304 Liberans
1132 2281 1152 2303 a
1178 2281 1306 2304 carcere

996 2330 1123 2352 servum
1153 2322 1360 2363 captivatum,

949 2369 1089 2409 Christe,
1117 2373 1204 2401 tuum
1231 2371 1371 2410 pugilem

997 2421 1099 2449 tecum
1129 2416 1180 2448 fac
1206 2427 1275 2450 esse
1302 2419 1450 2452 locatum.
