1651 2680
653 92 915 127 —163-

565 223 622 254 lt2.
665 224 706 255 De
728 225 827 256 Beata
846 225 949 256 Maria
971 226 1006 256 V.

293 313 395 346 Stella
420 312 527 345 Maria
553 314 662 354 maris,
689 324 770 354 quae
798 315 895 346 caelis
920 315 1186 356 praedominaris‚

292 361 335 394 Et
357 370 440 401 quae
466 362 642 400 praeclaris
670 362 721 394 hic
746 362 896 394 laudibus
923 364 1107 403 intitularis,

292 409 419 449 Expers
443 409 512 440 sola
536 410 624 450 paris
651 414 694 449 tu,
722 419 803 450 quae
829 419 888 450 per
914 413 983 442 Ave
1009 410 1189 452 gravidaris

291 457 334 489 Et
360 456 499 489 fecunda
525 457 623 496 daris,
650 463 752 490 mater
778 458 930 499 virgoque
956 461 1092 493 vocaris.

292 506 378 537 Luce
403 504 449 536 tui
475 505 597 536 iubaris
624 515 684 544 me,
713 507 880 546 deprecor,
907 507 1074 547 intuearis,

290 553 467 585 subvenias
493 552 606 584 hilaris
633 558 664 585 et
692 564 750 594 pro
778 563 838 593 me,
865 564 994 595 quaeso,
1020 554 1176 594 loquaris.

290 602 409 640 Quodsi
438 601 591 642 dignaris,
617 600 749 642 frustra,
779 601 889 640 Satan,
917 603 1094 644 insidiaris,

291 650 325 681 Si
352 649 535 688 dedignaris
563 650 613 680 vel
639 654 919 689 quantumcunque
946 651 1092 688 moraris,

291 697 316 729 Ο
343 706 441 737 mora,
470 697 585 728 damna
612 698 711 737 paris,
739 702 769 729 et
797 698 879 728 velle
906 707 1021 729 nocere
1048 697 1206 739 probaris.

195 783 316 810 collect.
338 792 389 810 ms.
408 781 505 810 Carth.
522 783 687 817 Maguntin.
711 792 787 810 ¹saec.
812 781 856 809 14.
881 781 939 817 [13.
961 786 989 810 et
1014 781 1069 818 15].
1104 782 1353 817 0011.)1aguntin.
1380 780 1443 810 186.

565 913 619 943 113.
662 914 703 944 De
727 914 823 944 Beata
844 913 943 944 ilai-ia
964 914 999 944 V.

289 1004 394 1043 Salve,
422 1003 541 1035 Christi
568 1012 684 1043 parens
710 1008 740 1035 et
768 1008 844 1035 nata
872 1004 929 1035 Dei
957 1004 1134 1043 benedicta,

289 1053 380 1084 Omni
409 1053 480 1084 labe
506 1061 628 1087 carens,
656 1061 737 1091 quae
763 1053 881 1083 lumine
908 1052 984 1082 solis
1010 1052 1127 1083 amicta

290 1100 399 1131 Lunae
425 1099 482 1130 sub
510 1101 629 1139 plantis
657 1101 762 1131 Galeas
788 1099 882 1130 iubar
908 1100 1106 1137 irradiantis,

291 1148 415 1180 Sertum
443 1148 483 1179 de
509 1148 611 1179 stellis
638 1157 715 1188 prae
742 1148 980 1188 virginibusque
1007 1148 1133 1186 puellis,

229 1199 260 1230 5.
287 1196 388 1236 Regia
413 1200 568 1233 matrona,
596 1197 691 1236 geris,
719 1197 803 1228 alma
830 1205 988 1235 puerpera
1016 1196 1147 1227 Christi.

287 1244 361 1282 Hie,
388 1244 524 1284 elegisti,
550 1245 636 1284 quod
662 1249 717 1276 tua
744 1248 914 1276 veneretur
940 1245 1043 1281 icona,

290 1294 349 1325 Per
376 1297 431 1324 tua
457 1293 615 1333 condigna
641 1293 806 1329 miracula,
836 1292 924 1332 virgo
951 1292 1098 1332 benigna.

289 1341 342 1372 Me
368 1341 426 1372 tibi
454 1341 603 1380 consigna
630 1340 767 1373 Satanae
795 1340 835 1371 de
863 1339 977 1371 fraude
1004 1340 1154 1380 maligna.

288 1389 336 1420 Tu
361 1393 497 1428 patrona
524 1389 616 1425 bona.
641 1393 675 1420 tu
701 1388 879 1429 glorificata
908 1388 1011 1425 beata,

206 1438 258 1470 10.
286 1437 334 1468 Tu
359 1437 505 1477 speciosa
531 1446 612 1474 rosa,
640 1442 675 1468 tu
701 1442 804 1469 mater
828 1437 968 1478 honoris,
997 1437 1124 1469 amoris.

286 1485 311 1517 Ο
338 1484 408 1516 fons
433 1484 582 1523 dulcoris,
611 1486 689 1517 caeli
718 1485 827 1526 regina
853 1494 1002 1524 superna,

286 1533 340 1565 Me
365 1542 460 1573 prece
487 1538 631 1565 materna
656 1534 775 1565 tuearis
801 1533 834 1564 in
860 1533 1007 1564 omnibus
1035 1533 1130 1563 horis.

284 1581 392 1613 Mater
419 1582 604 1619 humillima,
632 1591 705 1621 spes
733 1583 925 1612 miserorum
952 1584 1040 1612 certa
1067 1589 1192 1611 reorum

285 1630 391 1670 Atque
418 1628 572 1661 facillima
595 1631 783 1669 propitiatio
809 1638 935 1669 semper
961 1638 1080 1664 eorum,

203 1679 258 1712 15.
285 1678 425 1718 Mystica
452 1678 544 1715 cella,
574 1678 711 1719 benigna
737 1678 855 1718 puella,
882 1679 999 1713 suavis,
1027 1686 1169 1714 amoena,

284 1726 418 1758 Lumine
443 1726 549 1765 plena,
579 1727 694 1758 decore
719 1735 842 1762 serena,
872 1727 968 1757 maris
995 1734 1119 1766 quoque
1145 1725 1249 1767 stella,

286 1773 386 1816 Virgo
412 1778 550 1816 sacrata,
578 1784 637 1814 per
664 1779 753 1806 astra
778 1775 895 1813 levata,
925 1774 992 1805 Deo
1018 1775 1150 1811 sociata,

285 1823 335 1855 Sis
362 1824 516 1855 miserata
543 1823 616 1861 mei,
644 1823 708 1862 pia,
736 1827 828 1863 grata
854 1822 1004 1854 Davitica
1031 1828 1115 1854 nata.

283 1871 367 1903 Diva
392 1880 545 1912 propago,
574 1871 676 1902 dulcis
705 1873 817 1911 imago,
846 1870 975 1910 floriger
1001 1870 1123 1908 hortus,

199 1921 254 1953 20.
282 1920 318 1951 In
345 1921 442 1952 maris
469 1920 556 1951 unda
582 1920 676 1951 valde
704 1918 865 1960 profunda
891 1927 1019 1958 ancora,
1048 1924 1169 1957 portus,

283 1967 370 2000 Fons
397 1968 549 2001 bonitatis
575 1977 702 2009 semper
727 1968 898 2007 inundans,
928 1976 983 1999 vas
1010 1967 1140 2006 pietatis

283 2017 418 2049 Prorsus
444 2016 624 2053 abundans,
653 2026 721 2047 cum
749 2016 879 2048 deitatis
906 2015 996 2054 prole
1022 2014 1212 2053 iucundaus,

280 2065 488 2104 Auxiliatrix,
515 2066 751 2104 induperatrix,
777 2064 972 2101 alleviatrix,

282 2113 332 2146 Sis
360 2113 568 2154 medicamen,
597 2113 638 2144 da
665 2113 857 2149 relevamen,
887 2112 971 2151 pelle
997 2119 1180 2152 gravamen.

196 2163 252 2195 25.
280 2164 394 2204 Amen,
422 2161 586 2202 implores,
614 2170 696 2199 ores,
724 2166 758 2193 ut
783 2160 902 2201 gaudia
928 2160 1007 2191 caeli

282 2210 353 2242 Heli
382 2211 447 2250 det,
476 2210 538 2251 dia,
570 2210 719 2241 diadema
746 2209 897 2250 mihique,
927 2208 1041 2240 Maria.

185 2295 266 2324 Orat.
292 2305 345 2324 ms.
367 2297 530 2332 Campensi-
555 2297 625 2322 anni
649 2293 731 2322 1462.
775 2293 843 2320 Cod.
871 2293 1088 2320 Darnistadien.
1111 2290 1176 2320 521.
1199 2294 1232 2320 A.
1254 2309 1290 2313 —
1313 2296 1434 2323 Collevt.

108 2343 161 2362 ms-
181 2335 302 2363 Insulae
323 2337 456 2373 Reginae
479 2335 561 2362 Caeli
583 2334 686 2370 (prope
708 2333 884 2367 Wesaliam)
903 2333 973 2359 anni
999 2330 1079 2359 1479.
1122 2331 1193 2359 Cod.
1216 2333 1434 2363 Darmstadieu.

107 2371 192 2402 2653.
214 2375 245 2402 Β.
267 2389 304 2393 -
325 2372 343 2402 4
371 2375 421 2411 pia
441 2374 679 2409 virginibusque.
702 2389 738 2392 —
763 2370 796 2399 13
818 2381 884 2407 spes
908 2372 1058 2398 miseratio
1079 2373 1158 2398 certa
1179 2372 1212 2398 B.
1234 2386 1267 2390 -
1291 2371 1327 2401 20
1350 2375 1435 2402 undis

106 2413 193 2441 valde
217 2413 370 2450 profundis
396 2415 427 2442 B.
449 2426 486 2431 —
511 2410 548 2440 23
569 2413 767 2448 insuperatrix
791 2411 822 2437 Β.
846 2425 880 2429 -
902 2408 939 2437 24
960 2410 1124 2438 mediamen
1146 2409 1179 2437 A.
1202 2425 1237 2429 —
1262 2412 1433 2441 Ausschrist:

1197 2456 1255 2486 11*
