1651 2680
671 89 928 124 —227—

453 184 510 216 25.
537 183 624 216 Laus
649 189 682 216 et
707 186 808 218 virtus
834 188 866 216 et
890 188 1034 224 potestas

587 232 673 272 patri
698 234 741 264 sit
765 232 919 274 ingenito,

539 280 575 312 ln
603 280 713 311 eodem
740 280 941 321 permanenti

585 327 686 359 honor
711 329 883 369 unigenito,

537 375 590 406 Ab
616 375 762 415 utrisque
788 376 977 416 procedenti

585 423 688 463 gloria
712 424 883 463 paraclito.

211 506 374 534 collectan.
397 515 449 533 ms.
472 508 501 534 S.
527 507 673 542 Ebrulphi
696 517 771 535 saec.
795 508 837 536 12.
880 508 949 534 cod.
965 506 1155 535 Alencouien.
1182 508 1203 535 l.
1226 510 1290 536 add.
1312 520 1387 536 ssim:
1414 510 1458 538 12.

131 559 166 563 —
187 545 304 572 Daraus
333 546 491 581 mitgeteilt
518 555 576 573 von
598 545 688 581 Leop.
712 547 823 574 Delisle
846 548 883 573 iin
909 548 1058 574 Annuaire
1080 547 1211 574 Bulletin
1232 548 1266 574 de
1288 548 1316 574 la
1339 549 1454 576 societ&

129 584 164 611 tle
185 583 344 611 l'Histoire
364 584 400 611 de
415 584 534 612 ffiance.
577 585 661 612 Paris
685 582 771 620 18633
792 587 831 613 11.
846 586 956 617 Partie,
978 595 1003 620 p.
1029 585 1063 613 10
1084 594 1142 620 sq.;
1164 586 1231 612 dort
1251 588 1304 613 wie
1328 588 1402 613 auch
1424 589 1454 614 in

129 623 180 650 der
193 621 298 655 Quelle
319 622 511 650 unmittelbar
524 623 694 651 verbunden
710 625 763 650 mit
776 624 841 651 dem
858 624 1036 659 Rhymmus:
1060 624 1101 658 „O
1123 625 1176 650 Ma
1188 626 1260 657 ria,
1282 625 1317 660 gl
1330 637 1345 649 ι»
1357 628 1382 651 ri
1394 635 1457 653 osa

129 660 353 696 augelorum
383 660 554 688 domina.“
589 677 624 681 —a
652 662 704 688 Als
732 663 884 690 Verfasser
914 666 1059 690 vei-mutet
1087 663 1199 689 Delisle
1232 678 1266 682 ——
1297 664 1373 690 wohl
1405 666 1455 691 mit

130 698 222 727 Recht
243 714 280 717 —
301 699 506 727 Ordericus
533 700 684 728 vitalis.

495 824 553 854 178.
595 824 707 854 ctu-sus
730 823 766 854 de
789 823 935 854 Omnibus
957 824 1090 855 Sanctis.

692 884 777 910 Feria
799 885 896 911 tertia.

608 962 667 994 Aa]
706 962 980 994 Matutinuin.

164 1050 195 1081 1.
223 1048 304 1090 Rex,
331 1049 450 1081 civium
477 1050 665 1080 caelestium
861 1051 894 1081 2.
921 1050 958 1080 ln
983 1057 1116 1088 quorum
1142 1048 1269 1079 laudeni
1296 1057 1441 1089 munera,

223 1097 260 1128 Iu
286 1106 348 1136 quo
374 1097 512 1128 laetatur
538 1099 654 1135 contio,
921 1097 1007 1135 Quae
1034 1096 1091 1127 tibi
1119 1106 1201 1127 nunc
1226 1096 1396 1137 offerimus,

224 1144 367 1176 Psallens
394 1148 577 1176 sanctorum
606 1145 745 1177 omnium
920 1144 987 1175 Sint
1016 1144 1107 1175 nobis
1134 1143 1300 1176 salutifera

222 1192 287 1224 Iam
315 1202 437 1224 summo
464 1202 534 1224 cum
561 1193 714 1232 tripudio.
918 1193 1053 1232 'sibique
1079 1197 1179 1231 grata,
1207 1194 1354 1232 petimus.

470 1281 498 1312 3.
530 1281 609 1320 Regi
635 1284 818 1311 sanctorum
845 1280 985 1310 omnium

533 1330 569 1360 ln
597 1328 719 1360 cunctis
746 1328 932 1365 dominatio,

531 1377 576 1408 Sit
605 1378 715 1415 honor,
741 1377 821 1416 laus,
848 1376 1016 1415 imperium

529 1425 571 1456 Et
598 1425 772 1466 gratiarum
799 1424 893 1456 actio.

651 1531 711 1562 Ad
748 1529 926 1562 Laudes.

186 1632 195 1640 .
223 1608 269 1640 Te
296 1609 397 1640 Deum
427 1609 511 1640 canit
538 1608 654 1648 iugiter
858 1608 889 1638 3.
917 1606 970 1637 Sic
995 1609 1171 1644 martyrum
1199 1605 1347 1645 organica

221 1657 333 1689 Omnis
360 1658 476 1689 chorus
502 1657 676 1697 angelicuS,
916 1655 961 1685 Te
988 1659 1141 1694 tympana
1167 1655 1308 1684 suaviter

226 1705 486 1737 Patriarcharum
513 1705 636 1744 pariter
917 1702 959 1733 Et
987 1703 1204 1733 confessorum
1230 1702 1355 1733 cantica

222 1753 266 1785 Et
293 1762 412 1785 cuneus
437 1753 656 1793 propheticus,
917 1751 1061 1782 Mulcent
1087 1750 1118 1780 in
1146 1750 1243 1781 eorde
1271 1750 1419 1782 dulciter.

183 1866 192 1874 .
219 1840 265 1872 Te
290 1840 387 1872 turba
411 1840 589 1880 apostolica
855 1840 885 1869 4.
913 1838 948 1868 Iu
976 1836 1129 1878 cymbalis
1156 1837 1345 1868 sonantibus

217 1889 367 1931 Hyantis,
395 1888 512 1920 chorea
539 1888 697 1928 virginum
913 1886 995 1916 Tota
1021 1884 1168 1916 caelestis
1196 1885 1283 1916 curia

218 1937 255 1969 In
283 1938 409 1970 cithara
432 1936 620 1968 harmonica
913 1933 954 1965 Et
981 1933 1103 1964 melicis
1131 1933 1337 1965 concentibus

219 1986 393 2018 psallendo
418 1985 530 2017 laudat
556 1985 739 2018 Dominum.
916 1982 1099 2014 Coniubilat
1125 1981 1157 2012 in
1184 1981 1296 2021 gloria.

466 2076 497 2106 5.
525 2073 605 2113 Regi
631 2075 813 2104 sanctorum
839 2070 990 2103 omnium.

649 2178 708 2209 Ad
744 2178 935 2210 Primam.

184 2282 190 2288 .
218 2257 280 2289 Per
303 2262 432 2291 sanctos
457 2262 537 2300 tuos,
566 2255 713 2293 Domine,
853 2254 883 2285 2.
909 2251 976 2284 Nos
1003 2251 1103 2292 legem
1130 2255 1216 2283 tuam
1243 2251 1366 2291 pariter

215 2305 301 2346 Quos
327 2307 391 2339 iam
417 2306 549 2338 caelesti
574 2303 694 2336 lumine
911 2300 978 2332 Fac
1002 2298 1150 2331 meditari
1175 2300 1301 2341 iugiter,

215 2354 396 2387 Irradiatos
422 2355 579 2391 novimus,
911 2349 957 2382 Ut
990 2356 1117 2388 semper
1151 2346 1290 2380 fructum
1317 2356 1452 2388 operum

215 2403 417 2445 Suppliciter
443 2402 657 2444 deposcimuS‚
912 2396 1097 2429 Reddamus
1125 2396 1338 2430 salutiferum.

1220 2452 1276 2481 15*
