1651 2680
671 90 933 126 —259—

276 186 332 220 17.
358 186 423 218 Pro
449 185 552 225 culpis
579 186 706 219 demum
733 187 916 225 Dominum,
943 188 1008 228 pia,
1034 187 1127 220 flecte
1153 196 1348 229 supremum,

357 233 435 266 Cum
463 233 665 267 discussurus
691 235 788 267 iudex
815 237 877 268 erit
901 236 964 268 ista
989 235 1123 277 futurus,

353 281 492 323 Tempus
518 282 559 313 ad
587 286 766 315 extremum
794 293 909 325 cogens
935 283 1027 316 finire
1053 292 1246 325 supremum,

353 329 492 362 Pacifica
517 330 630 362 miram
660 331 799 363 districti
826 331 942 364 iudicis
970 333 1061 365 iram.

275 417 329 449 18.
356 416 442 448 Illud
469 415 511 448 ad
538 425 671 449 examen
697 421 751 449 tua
777 418 868 458 plebs
895 421 970 450 tunc
996 419 1080 450 laeta
1105 419 1251 450 iuvamen

353 463 488 505 Sentiat,
514 463 650 496 infernis
677 474 739 497 non
767 466 875 498 iuncta
901 468 957 498 sed
984 476 1041 498 usa
1066 467 1224 506 supernis,

350 512 451 543 Iudex
477 513 578 543 iratus
605 523 646 544 ne
675 513 817 545 vindicet
842 515 896 546 ille
923 519 1041 554 reatus,

351 560 450 598 Quam
477 569 533 591 nos
560 561 717 601 torqueri,
748 563 852 601 potius
880 562 957 592 velit
983 567 1014 593 et
1039 561 1195 593 misereri.

274 646 326 679 19.
356 646 432 678 Cum
461 650 619 685 tamquam
647 646 750 687 plebis
777 648 927 687 princeps
954 651 1038 685 tunc„
1067 648 1165 688 virgo,
1192 647 1333 687 sedebis,

352 694 415 725 Pro
441 693 695 733 stupefactorum
725 695 861 727 desudes
888 700 979 734 parte
1006 704 1141 733 reorum,

351 742 412 781 Qui
437 742 500 773 sibi
524 751 586 773 non
613 752 723 774 secum
748 742 863 784 fidunt,
890 742 942 774 fac
968 744 1075 774 vivere
1100 748 1216 781 tecum,

350 790 438 821 Dans
465 792 596 829 laqueos
626 791 691 822 illis
719 792 856 823 evadere
882 791 1083 830 perditionis.

265 879 319 910 20.
348 877 484 908 Nostros
511 877 659 916 placatus
689 881 781 916 pater
805 878 913 909 audiat
941 878 1010 917 ipse
1036 882 1196 919 precatus,

349 925 438 956 Illius
466 931 494 956 et
523 929 615 956 natus
643 926 804 956 concedat
830 935 886 956 nos
913 926 1092 962 miseratus,

347 973 487 1004 Roboret
520 978 549 1003 et
576 972 670 1004 flatus
701 974 830 1004 veniens
856 973 896 1005 ab
923 977 1057 1013 utroque
1084 978 1235 1012 paratus;

349 1021 502 1052 Creditur
529 1021 589 1052 iste
618 1021 702 1053 Deus
730 1022 877 1060 personis
904 1021 962 1052 sub
987 1022 1089 1052 tribus
1116 1031 1204 1053 unus.

268 1106 322 1140 R⁰
351 1107 477 1138 Laudes
503 1116 591 1138 mens
618 1108 665 1138 illi
693 1106 813 1138 referat
838 1107 944 1147 gregis
971 1117 1045 1146 ergo
1072 1108 1192 1147 pusilli.

212 1183 387 1211 Passionale
419 1193 470 1210 ms.
503 1184 532 1210 S.
566 1183 648 1210 Fidis
680 1182 861 1210 conchensis
893 1191 968 1209 saec.
1005 1182 1045 1209 ll.
1078 1192 1122 1210 ex.
1169 1184 1239 1210 Cod.
1269 1183 1462 1211 &eles-tamen.

135 1221 171 1249 95
206 1220 310 1256 (1187).
348 1236 384 1241 -·
418 1222 500 1249 Nach
536 1222 661 1257 strophe
695 1219 789 1248 l—IO
820 1222 892 1248 inkl.
927 1221 1001 1256 folgt
1025 1222 1169 1256 jedesmal
1201 1222 1254 1249 der
1283 1222 1460 1249 Rundreim:

138 1259 399 1295 „Praesidium
438 1259 573 1290 vitae“.
609 1261 683 1287 nach
718 1260 773 1286 den
808 1261 931 1294 iibrigen
964 1260 1122 1296 Stropheu:
1162 1262 1283 1295 „Nunc
1318 1261 1461 1296 populo

134 1298 303 1327 maesto.“
332 1314 368 1318 —-
397 1299 463 1334 Vgl.
497 1299 683 1333 Bouillet,
715 1299 831 1325 Liber
862 1299 1127 1325 miraculorum
1160 1303 1315 1326 sanctae
1352 1300 1460 1326 Fidis

136 1338 227 1365 Paris.
248 1336 363 1365 Picard.
390 1335 470 1364 1897.

571 1413 632 1443 219.
676 1413 717 1443 De
740 1414 848 1443 sancto
872 1411 1044 1442 Franciscn.

356 1495 384 1526 1.
413 1495 438 1526 Ο
467 1493 649 1529 Francisee,
678 1497 771 1533 pater
795 1497 915 1531 sancte,

413 1542 600 1574 Devotionis
627 1540 717 1572 fuisti
744 1545 863 1579 tantae,

414 1590 505 1630 Quod
534 1590 661 1620 divinus
687 1598 777 1620 amor
803 1598 836 1620 se
864 1589 1001 1628 signavit

412 1639 520 1678 Teque
545 1638 607 1668 sibi
634 1637 822 1669 assimilavit

412 1687 455 1718 Et
480 1687 512 1718 in
538 1695 645 1717 amore
672 1684 883 1727 confirmavit,

414 1734 508 1766 Nunc
533 1743 624 1773 quem
651 1734 712 1765 sibi
736 1733 918 1765 associavit.

357 1822 388 1856 2,
417 1820 571 1861 Supplico
598 1820 667 1860 tibi,
696 1819 776 1852 boue
802 1825 904 1861 pater,

412 1870 473 1902 Tui
498 1869 622 1900 ordinis
650 1868 737 1900 velut
762 1867 874 1907 frater,

413 1917 551 1958 Respice
576 1917 609 1948 in
636 1925 767 1948 numero
793 1915 930 1948 fratrum
956 1916 1118 1948 Minorum

413 1968 478 2007 Me,
506 1975 599 2006 quem
625 1970 739 2005 gravat
763 1974 842 1996 onus
869 1969 1085 2005 peccatorum,

412 2015 555 2055 Impetra
580 2014 658 2045 mihi
685 2022 792 2045 veram
820 2013 1050 2053 paenitentiam

412 2063 619 2103 Firmamque
645 2063 930 2102 perseverantiam.

352 2151 385 2183 3.
411 2150 621 2183 Devotionem
649 2148 726 2180 mihi
753 2157 901 2188 procura,

412 2199 438 2232 Ο
459 2190 518 2239 pie
543 2201 648 2238 pater,
677 2197 716 2229 de
742 2201 774 2227 te
799 2197 839 2228 sit
867 2196 945 2228 mibi
972 2205 1057 2234 cura,

412 2247 502 2288 Rogo
527 2249 558 2277 te
584 2255 643 2286 per
669 2246 774 2278 Iesum
801 2245 963 2278 Christum
991 2242 1188 2286 crucifixum,

414 2296 452 2328 In
477 2303 570 2335 quem
598 2294 664 2325 scio
690 2296 722 2324 te
749 2292 917 2330 confixum,

411 2343 505 2376 Nunc
530 2345 563 2374 et
588 2342 621 2374 in
647 2344 749 2374 morte
775 2341 818 2372 sis
844 2341 984 2381 adiutor,

409 2391 460 2423 Ne
485 2400 536 2424 me
560 2390 731 2431 perturbet
756 2393 954 2433 persecutor.

1224 2445 1282 2474 17*
