1651 2680
727 106 986 142 —102—

633 268 678 297 57.
723 267 764 297 De
784 266 933 297 passione
954 264 1085 297 Domini.

612 362 718 393 Virtus
743 362 925 403 angelorum
953 362 1126 401 deluditur,

611 412 713 449 caput
742 410 869 441 honoris
895 410 1056 452 pungitur,

607 458 723 490 Vultus
749 458 874 490 decoris
899 458 1071 498 spernitur,

610 505 734 537 Dextra
760 506 877 546 vigoris
903 504 1036 544 foditur,

610 553 716 584 Laeva
743 553 857 593 rigoris
883 554 1038 589 tunditur,

610 600 747 632 Gressus
775 601 916 633 ductoris
939 600 1056 641 figitur,

611 648 730 679 Gustus
757 649 881 688 saporis
907 649 1056 690 laeditur,

613 696 710 727 Latus
738 696 876 736 pastoris
902 697 1069 737 scinditur,

609 745 751 782 Sponsus
776 745 893 775 amoris
919 745 1061 783 moritur,

607 791 744 822 Fructus
771 792 893 823 cruoris
920 792 1074 831 perditur.

283 897 402 924 Collert.
431 905 482 921 ms.
511 898 540 923 δ.
568 896 667 922 lambi
697 898 725 922 in
752 897 851 922 Insula
871 896 974 923 Leodii
999 904 1073 922 saec·
1099 892 1168 921 ¹³:¹1⁴.
1211 894 1280 921 cod.
1302 894 1518 922 Darmstadien.

206 933 290 961 2777.
313 935 375 961 add.
399 943 473 960 saxee.
501 933 542 960 14.
567 948 601 952 ——
624 934 774 961 Zwiseheii
796 943 822 960 v.
843 933 860 960 5
882 934 940 960 und
961 933 992 961 6:
1021 933 1176 969 Speculum
1200 934 1263 959 sine
1284 933 1398 960 macula
1423 933 1519 960 detur-

207 977 301 1008 patur.
342 974 403 999 Das
426 972 627 998 Einscliiebsel
650 975 723 999 stbrt
743 973 796 999 den
819 973 892 1000 Vers
913 973 971 999 und
992 972 1048 999 den
1067 971 1238 998 Gedanken.

677 1151 722 1180 58.
767 1150 870 1180 Verba
891 1149 1043 1180 crucifixi.

378 1249 488 1279 Dulcis
514 1249 625 1285 amice,
653 1249 751 1289 vides,
779 1257 836 1288 pro
862 1252 893 1279 te
918 1257 995 1287 quos
1022 1252 1114 1288 porto
1140 1247 1275 1288 dolores,

424 1295 478 1326 Nil
505 1305 563 1335 pro
589 1305 637 1326 me
664 1296 779 1337 patior,
806 1296 963 1326 immerito
990 1295 1122 1326 crucior.

378 1343 439 1374 Hic
464 1353 522 1383 pro
549 1348 580 1374 te
606 1343 696 1377 fixus,
725 1347 791 1375 toto
816 1353 884 1374 sum
911 1352 1043 1382 corpore
1067 1348 1184 1378 tensus,

424 1391 565 1423 Crimina
591 1393 708 1430 quippe
734 1396 788 1422 tua
814 1396 887 1422 sunt
912 1400 981 1422 mea
1006 1390 1174 1430 supplicia.

375 1443 657 1478 Quantumcunque
684 1444 785 1478 potes,
811 1448 873 1469 non
900 1447 1004 1469 cesses
1030 1438 1167 1469 reddere
1192 1441 1308 1477 grates.

423 1486 504 1517 Nam
531 1495 617 1517 meus
645 1487 705 1517 iste
731 1487 823 1517 dolor
848 1491 896 1517 est
921 1490 992 1517 tuus
1019 1486 1101 1517 altus
1129 1486 1238 1516 honor.

284 1591 404 1618 Collect.
435 1599 485 1616 lus.
513 1591 744 1617 Gemmeticense
771 1598 846 1617 saec.
876 1588 919 1616 10.
946 1591 986 1616 in.
1014 1589 1083 1617 Cod.
1106 1590 1294 1624 Rotomageu.
1326 1588 1362 1616 26
1382 1590 1418 1621 (A
1447 1588 1524 1623 292.)

207 1630 272 1656 add.
301 1638 375 1656 saec.
405 1626 448 1654 1‘2.
475 1643 509 1646 —
538 1628 555 1654 2
583 1629 640 1654 und
668 1628 685 1653 5³»
716 1628 897 1663 uiugestelltg
925 1628 998 1654 nach
1020 1627 1038 1654 4
1057 1627 1131 1662 folgt
1152 1627 1226 1653 noch
1247 1629 1295 1654 ein
1317 1628 1523 1663 fiberzfihliger

207 1669 403 1695 Pentameter:

511 1705 622 1731 mnodo
645 1714 701 1731 non
725 1706 857 1737 moreris,
878 1706 976 1733 vivere
998 1706 1021 1731 si
1047 1704 1117 1731 mihi
1139 1705 1193 1730 vis.

591 1885 637 1915 59.
661 1885 808 1916 Planctus
829 1883 944 1916 Christi
966 1882 1126 1924 patientis.

377 1985 523 2023 Respice,
550 1988 710 2022 peccator,
737 1993 776 2015 an
805 1993 864 2015 non
892 1985 951 2015 sim
978 1993 1071 2015 verus
1096 1987 1230 2015 amator.

378 2033 437 2068 En,
466 2041 522 2070 pro
548 2036 579 2062 te
605 2032 732 2071 morior,
761 2041 821 2063 non
849 2036 897 2063 est
923 2032 1052 2064 dilectio
1077 2031 1188 2064 maior.

379 2080 524 2119 Respice,
552 2080 604 2119 qui
630 2080 758 2120 transi5‚
786 2089 855 2110 cum
882 2080 926 2111 sis
949 2080 1026 2110 mihi
1054 2088 1148 2110 causa
1175 2079 1305 2117 doloris,

379 2127 516 2158 Vulnere
543 2132 591 2159 sto
618 2127 741 2167 plenus,
769 2136 827 2166 pro
852 2131 884 2158 te
910 2128 1003 2159 nimis
1029 2126 1168 2166 undique
1194 2127 1308 2158 laesus.

378 2175 440 2212 Sic,
468 2175 570 2215 honio,
598 2180 647 2206 sto
674 2184 731 2214 pro
753 2178 802 2213 te3
831 2184 900 2206 cum
925 2184 1050 2215 peccas,
1079 2174 1188 2205 desine
1214 2184 1274 2214 pro
1301 2185 1361 2208 me.

377 2222 508 2263 Spinae,
536 2231 622 2261 crux,
649 2222 741 2262 clavi,
768 2231 864 2263 mors,
891 2233 1004 2263 poena,
1031 2231 1124 2263 quam
1150 2222 1297 2264 toleravi,

379 2271 567 2311 Ostendunt,
595 2280 657 2309 qua
685 2271 715 2300 vi
741 2271 926 2302 miserorum
954 2271 1088 2302 crimina
1112 2269 1187 2302 lavi.

284 2377 475 2404 Collect.1ns
507 2375 731 2401 Momzsteriiss
753 2374 792 2400 M.
814 2375 909 2401 Vallis
931 2375 1006 2402 Pisii
1024 2374 1103 2409 (Ord.
1126 2374 1236 2407 Carth)
1265 2384 1341 2402 saec.
1370 2375 1412 2404 15.
1453 2377 1525 2404 Cod.

206 2417 340 2443 Vatican.
362 2416 432 2449 Reg.
453 2412 517 2440 349.
