1651 2680
172 381 200 412 1.
230 378 296 410 Hos
322 377 390 417 ipse
417 378 548 409 miserat

275 428 453 465 Martyrem
481 426 596 458 ducere

228 474 270 505 Et
297 476 365 506 eius
391 474 493 506 socios

276 523 391 554 Omnes
417 521 587 556 adducere,

228 569 386 609 Quosdam
414 570 577 609 promissis

277 618 318 649 Et
344 617 432 657 largo
459 625 598 651 munere,

167 683 177 693 -
229 666 320 696 Alios
348 666 440 696 minis

277 713 317 744 Et
347 713 416 743 diro
439 713 580 745 vulnere.

788 263 843 295 VI.

781 69 850 104 :306
901 87 946 94 -

856 379 886 410 2.
913 378 998 417 Quos
1023 382 1152 409 sanctus
1177 378 1328 408 innocens

962 425 1015 457 Sic
1040 425 1244 457 exhortatur:

914 474 1033 506 Eamus
1058 473 1202 511 Romam,

963 521 1055 554 Nunc
1080 524 1291 560 praeparatur

915 571 1038 603 Corona
1060 569 1161 608 nobis,

962 617 1043 648 Nam
1070 620 1145 647 tunc
1170 616 1326 656 probatur

915 665 1015 696 Verus
1041 664 1173 703 athleta,

962 712 1040 744 Cum
1065 713 1252 751 proeliatur.

497 828 548 858 R⁰
576 827 645 867 Eia,
671 826 799 866 fratres,
826 828 930 858 canite
953 832 1012 858 etc

172 1132 200 1164 1.
230 1130 323 1165 Ecce,
351 1130 482 1161 Romam
510 1133 639 1162 veniunt

278 1186 354 1208 voce
380 1177 571 1209 laetabunda

232 1225 385 1256 Intraturi
411 1225 543 1264 proelia*

277 1281 357 1312 quae
382 1282 442 1303 non
470 1277 541 1303 sunt
566 1274 713 1313 iucunda,

228 1320 277 1350 Ea
301 1324 406 1351 tamen
431 1320 588 1351 sustinent

275 1371 379 1398 mente
405 1367 568 1399 sitibunda

229 1414 441 1445 Exsecrantes
467 1415 592 1453 penitus

276 1462 363 1493 idola
388 1463 560 1495 immunda.

167 1577 201 1607 2.
229 1576 359 1608 Praesul
385 1577 428 1607 ait
454 1576 601 1608 Caesari:

281 1625 352 1665 „dic
378 1629 421 1660 tu,
449 1624 580 1666 Iuliane,

228 1671 320 1703 Nunc
346 1670 448 1703 factus
473 1675 629 1713 apostata,

275 1720 433 1759 quondam
460 1719 640 1759 christiane,

229 1767 396 1807 Reliquisti
422 1767 591 1799 Dominum

275 1820 307 1846 et
331 1817 433 1847 servis
459 1815 591 1849 Dianae.

228 1863 269 1895 Ut
295 1863 353 1894 tibi
380 1863 581 1903 conquireres

275 1911 386 1942 solium
413 1910 528 1945 inane?

169 2027 199 2057 3.
228 2024 337 2066 Miser,
366 2026 441 2064 quid
467 2029 498 2056 te
528 2026 658 2068 decipit,

276 2073 351 2111 quid
378 2073 435 2105 tibi
461 2073 652 2110 blanditur?

226 2119 321 2154 Ecce,
348 2122 431 2160 quod
455 2127 490 2153 tu
514 2121 660 2162 possides

275 2173 405 2208 repente
429 2169 548 2209 finitur⁷

228 2216 336 2256 Furia,
363 2226 425 2256 qua
450 2217 620 2258 praefuris,

275 2264 338 2296 cito
364 2266 527 2305 sepelitur,

229 2311 293 2344 Ubi
319 2312 406 2344 fures
432 2313 568 2355 fodiunt,

273 2360 356 2393 tinea
383 2360 542 2394 molitur.“

664 2151 671 2165 ³

773 1016 844 1049 VII.

852 1133 883 1162 4.
912 1131 1030 1163 Caesar
1055 1132 1234 1169 apostasiae

959 1179 1078 1210 Tactus
1104 1179 1298 1219 improperio

912 1226 1038 1265 Cogitat
1064 1226 1234 1266 multiplici

960 1273 1099 1305 Perdere
1126 1275 1279 1313 martyrio

912 1321 1056 1353 Pelinum
1081 1322 1315 1353 sanctissimum

959 1368 1036 1400 Cum
1063 1379 1119 1400 suo
1146 1369 1279 1408 collegio

909 1417 951 1448 Et
980 1417 1122 1448 Pelinum
1148 1417 1284 1449 tradidit

957 1464 1046 1496 Tunc
1073 1464 1301 1497 Corniculurio

853 1581 883 1610 ὃ.
910 1579 973 1610 Hic
997 1579 1089 1611 huius
1115 1580 1298 1618 provincia«¹

956 1636 1085 1665 praeses
1112 1633 1143 1658 et
1168 1628 1361 1667 praefectus,

909 1675 1028 1706 Forma
1052 1676 1124 1707 novi
1148 1675 1288 1714 sceleris,

957 1723 1042 1754 omni
1069 1723 1142 1754 dolo
1166 1728 1268 1755 tectus

908 1770 951 1802 Et
975 1770 1114 1802 nefanda
1141 1772 1328 1804 daemonum

956 1819 1095 1850 mixtura
1121 1820 1296 1857 confectus,

910 1866 969 1898 Cui
998 1875 1084 1898 mens
1112 1872 1158 1898 est
1185 1869 1327 1909 horrida,

959 1912 1102 1946 funestus
1129 1920 1288 1956 aspectus,

853 2029 884 2061 6.
911 2029 1050 2062 Rediens
1078 2032 1249 2063 Corfinium

957 2086 1088 2116 praeses
1114 2079 1166 2111 hic
1191 2079 1331 2115 inflatus.

910 2125 1000 2164 Quod
1024 2136 1196 2166 pravorum
1224 2128 1385 2161 hominum

957 2178 1027 2205 erat
1051 2175 1221 2212 incolatus,

908 2221 1106 2254 Daemonum
1133 2225 1307 2266 congeries,

957 2270 1050 2302 sedes
1076 2274 1108 2302 et
1132 2273 1298 2315 primam,

912 2317 1033 2350 Civitas
1057 2321 1233 2360 praecipua

959 2366 1051 2398 huius
1079 2369 1256 2404 comitatus,
