1651 2680
690 95 927 130 —17-

327 190 393 222 Per
419 191 547 223 diversa
573 195 689 232 movet,
717 200 787 223 cum
814 199 872 232 per
897 200 932 222 se
957 189 1128 222 immobilis
1155 190 1268 222 exstet.

328 237 490 278 Tempora
516 243 632 271 cuncta
657 240 746 280 ligat,
773 240 859 272 solus
885 239 954 271 sine
980 243 1124 278 tempore
1150 240 1272 278 regnat,

328 286 413 318 Acta
437 286 521 326 regit
547 294 668 329 regum,
695 296 822 327 semper
847 287 910 318 sibi
935 291 1061 318 constat
1085 286 1237 326 idipsum.

327 333 483 374 Expedit,
509 337 544 365 ut
569 335 688 366 trinum
716 335 886 368 benedicat
910 334 1057 366 machina
1082 334 1177 373 trina,

325 380 438 420 Terra,
464 381 568 422 polus,
601 382 734 421 pelagus
760 392 820 414 nec
845 392 918 421 non,
946 381 1031 421 quod
1058 384 1183 413 constat
1207 381 1240 412 in
1266 380 1341 420 illis,

327 428 460 469 Credat,
486 429 611 467 adoret,
639 434 734 467 amet,
762 431 883 469 timeat,
911 429 1005 467 colat,
1032 432 1135 468 ornet,
1161 430 1306 462 honoret.

217 514 341 542 collect.
363 522 416 541 ms.
438 513 619 548 Tegurinum
641 523 716 541 saec.
743 513 784 542 10.
807 515 880 543 Clm.
901 515 1054 542 Monacen.
1081 512 1188 542 18628.

447 664 491 696 10.
532 664 577 695 Ad
600 662 695 695 Deum
718 667 749 694 et
769 665 899 695 Sanctus
920 664 1160 696 Commendatio.

157 767 189 800 1.
216 765 328 804 Parce,
356 768 450 804 pater
474 764 627 803 piissime„
847 766 878 797 3.
905 765 1042 807 Adveni,
1071 768 1181 795 sancte
1207 765 1351 804 spiritus,

212 812 375 854 Quidquid
402 812 535 854 peccavi
561 812 620 843 hoc
648 813 709 853 die,
905 813 988 846 Meis
1014 813 1148 852 illapsus
1175 813 1331 852 sensibus,

213 861 382 901 cordeque
408 864 440 891 et
466 868 601 900 corpore
628 861 757 900 mundo,
908 862 960 899 Ut,
989 870 1057 892 cum
1085 870 1200 900 corpus
1225 861 1416 903 obdormiet,

213 908 293 949 Fac,
321 917 392 940 cras
418 917 587 948 exsurgam
615 918 633 940 a
658 909 752 942 lecto,
905 911 968 942 Cor
995 910 1028 941 in
1053 914 1085 940 te
1111 917 1237 949 semper
1264 908 1384 949 vigilet.

149 997 182 1029 2.
209 995 236 1028 Ο
262 996 336 1027 Iesu
361 994 491 1026 Christe
518 995 665 1035 Domine,
844 999 876 1029 4.
904 996 1019 1037 Maria,
1050 996 1139 1036 virgo
1165 1001 1195 1027 et
1222 1000 1334 1035 mater,

208 1043 269 1084 Qui
295 1050 346 1075 me
371 1044 509 1075 servasti
534 1043 595 1075 hoc
622 1044 684 1081 die,
902 1044 952 1075 Tu
979 1053 1028 1075 me
1055 1044 1179 1075 custodi
1207 1044 1334 1084 iugiter,

208 1092 247 1124 In
272 1091 332 1124 hac
359 1095 452 1122 nocte
478 1099 528 1122 me
554 1096 705 1132 protegas
903 1092 951 1123 Ne
979 1092 1079 1124 hostis
1106 1101 1155 1123 me
1183 1093 1356 1127 deterreat,

204 1139 250 1173 Et
275 1149 294 1172 a
318 1139 404 1171 malo
430 1140 604 1172 custodias.
900 1142 965 1171 Aut
993 1149 1109 1180 corpus
1136 1141 1231 1172 sorde
1258 1141 1391 1180 polluat.

503 1228 534 1259 5.
561 1225 695 1266 Adeste,
724 1226 809 1258 cives
837 1227 958 1266 melici,

568 1274 608 1306 Et
636 1279 681 1311 tu,
709 1275 831 1317 angele,
859 1279 967 1306 custos
993 1275 1048 1313 mi,

565 1322 691 1354 Munite
718 1332 768 1353 me
793 1323 884 1361 signo
910 1323 1023 1364 crucis,

568 1370 618 1402 Ne
644 1375 758 1402 noceat
783 1372 868 1403 ullus
895 1372 1006 1403 hostis.

209 1457 344 1485 Devotae
365 1457 523 1485 Orationes
545 1456 834 1492 (F‹:›ntrebal‹lenses)
855 1458 922 1493 imp.
946 1458 1070 1485 Parisiis
1095 1456 1175 1485 1546.

529 1609 563 1640 ll.
605 1610 647 1640 De
668 1608 869 1640 sanctissima
890 1609 1056 1640 Trinitate.

611 1691 673 1722 Ad
709 1690 977 1724 Matutinum.

144 1798 181 1830 1.
207 1797 317 1835 Pater,
345 1795 403 1837 fili,
430 1797 599 1838 paraclite,
844 1799 875 1829 3.
903 1797 1046 1830 Trinitas
1072 1797 1243 1830 ineffabilis

208 1845 301 1879 Mala
326 1844 413 1877 vitae
439 1846 634 1886 praeteritae
901 1847 943 1878 Et
970 1846 1024 1877 lux
1051 1846 1295 1886 inaccessibilis,

207 1893 347 1927 Dimitte
371 1893 474 1932 nobis,
508 1902 710 1933 quaesumus,
901 1895 968 1927 Ure
993 1903 1052 1933 per
1076 1895 1183 1935 ignem
1209 1895 1369 1934 geminum

207 1941 292 1975 Nam
319 1943 389 1974 sine
415 1945 447 1972 te
471 1941 517 1972 nil
543 1949 722 1981 possumus.
902 1942 1093 1974 Nostrarum
1121 1944 1232 1975 sordes
1256 1944 1419 1977 mentium.

145 2031 179 2064 2.
203 2028 378 2062 Peccando
404 2037 462 2060 nos
488 2028 672 2068 polluimuS‚
840 2029 872 2061 4.
900 2030 1018 2061 Verum
1045 2030 1149 2061 lumen
1177 2038 1216 2062 ac
1238 2030 1461 2070 splendidum,

203 2078 251 2113 Ut
276 2076 399 2118 expies,
428 2076 643 2115 deposcimuS‚
900 2077 962 2109 Cor
987 2081 1100 2118 tepens
1124 2078 1226 2110 redde
1253 2078 1423 2119 fervidum,

202 2126 254 2160 Ne
280 2129 369 2158 tuum
397 2124 593 2157 domicilium
899 2125 1018 2157 caecas
1044 2130 1165 2158 mentes
1191 2127 1375 2159 illuminans

202 2174 252 2208 Sit
278 2182 418 2215 unquam
445 2171 536 2205 cibus
562 2170 693 2212 ignium.
898 2173 941 2205 Et
976 2175 1088 2205 mortis
1114 2174 1243 2206 umbras
1270 2175 1464 2207 terminans-

500 2262 533 2292 5.
559 2257 715 2291 Trinitati
739 2258 783 2289 sit
807 2259 920 2299 gloria,

563 2307 661 2348 Laus,
689 2306 786 2338 decus
812 2310 845 2338 et
869 2308 1024 2347 potentia,

563 2353 623 2395 Qui
649 2363 707 2386 sua
733 2354 825 2386 nobis
851 2356 956 2395 gratia

566 2403 732 2436 concedat
758 2402 843 2436 vitae
868 2404 996 2443 gaudia.

181 2463 324 2491 Dreves,
346 2461 397 2486 Pia
413 2460 580 2486 Dietamina.
614 2459 676 2483 VII.
1267 2460 1285 2488 2
