1651 2680
721 79 958 114 -46-

557 177 612 210 33.
638 177 719 216 Ave,
745 179 839 216 pater
862 175 1013 218 ingenite,

640 226 710 255 Ave
735 227 776 264 et,
800 223 973 264 unigenite,

640 272 720 311 Ave,
748 279 840 303 sacer
865 271 1029 312 paraclite,

640 319 745 357 Salva,
772 327 823 351 me
848 318 935 351 Deus
960 319 1079 351 inclite.

259 433 339 460 Orat.
370 442 422 459 ms.
454 432 611 460 Caelestin.
644 431 671 459 S.
702 432 814 460 Mariae
845 432 880 460 de
910 433 1043 460 Parisius
1073 440 1149 459 saec.
1183 429 1226 458 15.
1257 429 1328 457 Cod.
1355 428 1500 456 Mazarin.

183 470 342 505 3897160&
367 471 515 498 zweimal:
544 470 594 498 fol.
623 470 691 497 151).
726 472 765 505 Α;
792 470 840 498 fol.
867 469 938 498 572.
964 472 996 498 B.
1024 488 1060 491 —
1083 469 1108 502 1,
1137 469 1151 496 1
1181 470 1250 497 Iesu
1270 468 1387 496 Christe
1407 468 1442 494 B.
1464 481 1500 485 —

186 511 216 541 1,
244 509 262 536 4
283 511 415 545 piissime
438 510 468 536 Β.
492 525 525 528 -
549 507 580 540 2,
605 507 623 536 3
645 509 701 542 Qui
724 510 781 535 scis
802 507 917 536 infirma
938 509 970 536 B.
991 525 1027 529 —
1049 507 1081 540 8,
1111 506 1128 534 2
1148 509 1243 543 Reges
1265 510 1294 533 et
1314 505 1347 532 B.
1370 519 1406 523 —
1427 502 1460 536 9,
1481 501 1501 530 4

183 549 230 576 lex
251 549 384 583 implevit
406 549 436 574 Β,
460 561 494 564 —-
520 546 566 577 13.
589 545 606 573 3
628 548 684 573 Pro
707 547 873 574 redimendo
895 547 1012 574 saeculo
1034 548 1066 574 B.
1097 561 1125 564 —
1152 544 1194 576 13,
1215 545 1234 572 4
1254 545 1346 572 Salva
1366 551 1412 570 me
1434 550 1500 578 par-

182 595 251 614 cens
278 586 387 613 famulo
410 587 442 612 B.
463 599 498 603 ——
520 584 572 617 24,
603 584 616 611 1
646 594 696 611 rex
723 586 835 619 gratiae
860 586 890 611 R.
911 599 947 604 -
969 583 1021 617 24,
1047 583 1066 612 2
1087 593 1139 611 rex
1158 584 1271 619 gloriae
1291 583 1325 609 B.
1345 594 1383 599 —
1404 579 1455 614 25,
1482 578 1500 608 3

184 625 257 652 Mihi
287 626 325 651 sit
351 625 385 650 Β.
415 641 449 643 -
472 621 522 655 26,
550 622 567 649 3
590 624 643 650 Fer
672 626 802 650 nom-um
825 624 856 650 B.
876 639 914 643 —
935 621 986 655 27,
1011 622 1030 650 4
1053 622 1092 650 Et
1118 623 1266 649 delectans
1287 621 1321 647 B.
1345 633 1382 636 —
1403 616 1455 650 28,
1483 616 1501 646 3

184 671 233 690 rex
257 665 422 690 sanctorum
442 662 474 689 A.
498 676 534 679 —
556 660 600 693 20²,
622 660 639 688 4
656 661 693 688 Et
716 660 851 688 dominus
872 661 1043 698 angelorum
1059 661 1092 688 B.
1106 675 1143 678 —
1165 657 1210 690 29,
1231 657 1250 685 4
1263 659 1303 686 Et
1326 660 1393 692 post
1413 656 1450 685 ad
1470 659 1499 684 te

184 703 215 728 B.
240 716 274 719 -
295 699 346 732 30.
373 700 391 726 4
413 702 609 735 Nostrumque
633 701 663 726 Η.
687 714 722 718 -
743 697 795 730 31,
824 697 841 725 2
862 699 992 734 Eratque
1020 698 1202 726 iudicaturus
1225 698 1256 724 B.
1279 710 1314 715 —-
1334 693 1390 728 33,
1417 695 1436 724 4
1456 704 1500 722 me

183 740 270 766 decor
290 738 390 766 inclite
413 739 444 765 B.

318 1464 371 1496 10.

317 1703 371 1734 15.

312 1940 370 1972 20.

317 2179 373 2211 25.

686 925 733 956 29.
773 925 817 955 Ad
839 924 1003 955 Christum.

397 1035 623 1074 Cunctipotens
651 1035 818 1069 Dominus,
845 1033 924 1064 caeli
952 1037 1118 1071 terraeque
1146 1036 1281 1070 creator,

444 1083 498 1115 Me
523 1087 656 1122 propter
682 1091 773 1113 sacra
799 1081 921 1117 virgine
948 1085 1040 1111 natus
1067 1080 1160 1112 homo
1186 1084 1244 1110 est.

399 1130 526 1169 Flagris
554 1131 658 1169 dorsa7
686 1130 787 1169 alapis
814 1129 971 1167 maxillas,
999 1138 1055 1159 ora
1080 1128 1190 1159 salivis

447 1177 595 1209 Praebuit
621 1183 649 1207 et
678 1178 729 1216 figi
758 1186 791 1208 se
818 1185 911 1208 cruce
939 1185 999 1208 non
1026 1177 1140 1208 renuit.

363 1251 369 1257 .
397 1226 452 1258 Me
479 1226 574 1264 gessit
602 1226 749 1263 moriens,
777 1234 826 1256 me
853 1225 937 1256 victa
962 1227 1064 1254 morte
1090 1232 1259 1264 resurgens

447 1273 489 1305 Et
517 1282 621 1304 secum
648 1273 688 1304 ad
715 1276 837 1311 patrem
865 1281 914 1302 me
940 1280 1036 1310 super
1061 1275 1149 1303 astra
1173 1271 1257 1303 tulit.

399 1320 482 1359 Quid
509 1329 582 1360 ergo
609 1325 699 1351 tauta
724 1329 839 1359 aspera
864 1329 947 1350 nunc
971 1319 1109 1350 tolerare
1134 1319 1304 1353 recusem?

446 1369 511 1400 Aut
535 1368 611 1407 quid
639 1368 709 1405 erit,
738 1368 822 1406 quod
850 1376 898 1398 me
924 1371 1051 1405 separet
1076 1376 1093 1397 a
1121 1365 1282 1399 Domino?

397 1417 504 1456 Ignem
532 1415 659 1455 adhibe,
688 1416 803 1447 rimare
830 1424 922 1446 mauu
950 1423 1018 1445 mea
1047 1415 1178 1456 viscera,
1207 1418 1320 1455 tortor,

446 1462 605 1504 Effugient
633 1473 749 1502 poenas
776 1462 915 1494 membra
944 1462 1046 1494 soluta
1072 1466 1152 1496 tuaS.

401 1512 537 1543 Carcere
563 1511 588 1542 si
616 1512 722 1542 clauso
749 1511 880 1542 claudar
904 1514 1075 1550 nectarque
1101 1511 1232 1549 catenis,

448 1559 545 1590 Liber
570 1560 601 1590 in
630 1558 754 1589 excelso
781 1559 894 1590 mentis
921 1558 1017 1590 adibo
1042 1559 1156 1592 Deum.

401 1606 472 1638 Non
497 1612 602 1637 metuo
629 1606 784 1648 exsilium,
814 1606 922 1637 mundi
949 1606 1060 1637 domus
1086 1606 1230 1638 omnibus
1256 1615 1329 1646 una,

449 1654 571 1692 sperno
599 1654 712 1694 famen,
740 1654 868 1685 Domini
896 1653 929 1685 fit
956 1654 1031 1684 mihi
1056 1662 1160 1685 sermo
1185 1654 1284 1687 cibus.

401 1702 435 1734 Si
458 1710 608 1733 mucrone
635 1706 725 1739 paret
754 1701 908 1733 cervicem
934 1701 1123 1734 abscindere
1148 1703 1252 1744 fictor,

449 1749 648 1788 Impavidum
675 1750 833 1788 inveniet;
860 1759 944 1781 mors
971 1750 1044 1789 cita,
1073 1750 1137 1781 vita
1165 1750 1282 1782 brevis.

401 1797 468 1828 Nec
494 1797 634 1828 mirabor
659 1806 746 1836 opes,
773 1796 876 1828 nullos
903 1798 1049 1829 sectabor
1074 1797 1221 1837 honores,

452 1845 638 1884 Pauperiem
666 1845 792 1876 Christo
820 1845 917 1876 divite
944 1855 1004 1877 non
1031 1847 1136 1879 timeo.

401 1893 498 1931 Quam
526 1897 644 1923 stetero
671 1893 827 1932 adversis,
854 1893 913 1924 hac
938 1898 1010 1925 utar
1036 1898 1141 1926 mente
1167 1894 1325 1926 secundus

401 1988 467 2019 Nec
494 1992 598 2019 tamen
626 1989 689 2019 ista
714 1988 789 2019 mihi
818 1988 857 2020 de
883 1997 931 2020 me
957 1988 1074 2021 fiducia
1100 1990 1221 2029 surgit3

450 2035 497 2067 Tu
525 2036 592 2073 das,
622 2035 757 2077 Christe,
785 2036 881 2077 loqui,
909 2041 1004 2076 tuque
1030 2038 1098 2078 pati
1123 2037 1258 2070 tribuas

401 2084 437 2115 In
465 2083 555 2114 nobis
582 2083 659 2115 nihil
691 2084 853 2123 audemus,
881 2086 936 2116 sed
964 2084 1090 2117 fidimus
1115 2085 1149 2116 in
1174 2089 1215 2127 te,

447 2132 531 2170 Quos
558 2141 699 2171 pugnare
725 2131 826 2170 iubes,
853 2136 883 2163 et
910 2142 1062 2174 superare
1089 2132 1179 2166 facis.

401 2180 534 2218 Semper
561 2188 650 2219 agam
678 2184 794 2219 granea
822 2180 948 2213 Christo
975 2181 1057 2213 dabo
1083 2190 1210 2221 semper
1234 2181 1400 2223 honorem,

446 2227 531 2259 Laus
558 2227 687 2259 Domini
714 2236 840 2267 semper
865 2229 951 2260 vivat
975 2229 1008 2260 in
1033 2237 1088 2261 ore
1114 2238 1194 2263 meo.

265 2340 345 2368 Orat.
376 2349 429 2367 ms.
462 2340 619 2368 Caelestin.
649 2342 677 2368 S.
711 2341 823 2369 Mariae
857 2341 891 2368 de
918 2343 1051 2370 Parisius
1083 2351 1159 2370 saec.
1192 2342 1236 2370 15.
1266 2343 1338 2372 Cod.
1365 2345 1510 2374 Mazarin.

188 2377 355 2414 3897(605).
378 2393 413 2398 --
438 2378 454 2406 7
476 2383 558 2406 tanta
579 2388 655 2406 nunt·
676 2388 787 2416 azpera.
809 2394 845 2399 —-
867 2380 900 2407 ¹21
925 2382 984 2408 Nec
1005 2385 1066 2408 turn
1088 2381 1169 2408 mihi.

1622 2523 1651 2680 fisum.-.
1640 2461 1651 2487 ..
1649 2407 1651 2409 .
