1651 2680
199 165 230 199 7.

203 592 236 624 8.

201 1481 232 1514 1.

201 1940 220 1971 09

722 85 765 90 —
816 66 980 101 324—

257 162 424 199 Involutus
448 163 536 197 vitiis

303 212 367 245 Hic
389 222 454 244 non
478 213 518 244 ab
542 219 577 242 re
602 211 769 252 probatur,

257 260 362 293 variis
387 259 555 292 maestitiis

305 308 459 342 Continue
484 310 649 348 purgatur,

255 357 375 388 Mentis
401 355 562 388 exercitiis

303 404 430 436 Exhinc
454 404 662 445 illuminatur,

256 452 455 485 Caelestibus
482 451 603 484 divitiis

303 501 429 532 Summe
455 503 685 532 remuneratur.

263 589 341 624 Mihi
364 591 437 622 hinc
463 590 556 631 absit,
583 591 729 627 Domine,

308 638 400 670 Nunc
424 646 523 678 usque
547 638 689 679 gloriari,

259 686 329 717 Nisi
354 687 386 717 in
413 690 466 717 tuo
492 685 618 717 nomine

305 733 348 765 Et
375 743 467 764 cruce
492 733 627 765 onerari.

258 781 305 813 Ob
332 781 364 811 id
390 791 408 812 a
434 781 544 820 quovis
571 780 696 811 homine

305 828 397 860 Hanc
421 838 532 860 vereor
557 828 691 868 turbari,

259 877 301 909 Ut
329 885 406 906 aevo
431 880 541 908 sancto
568 876 685 906 lumine

304 924 432 956 Mei-ear
457 924 657 955 inflammari.

905 163 936 195 9.
964 159 1060 195 Velle
1085 160 1304 201 placidissimo

1010 210 1065 242 Me
1091 208 1200 252 offero,
1226 207 1355 248 resigno

965 257 1040 290 Tibi
1064 258 1134 290 Deo
1159 256 1315 289 altissimo

1012 307 1050 339 In
1076 305 1179 338 crucis
1204 309 1278 336 tuae
1304 303 1404 344 signo,

966 353 1017 386 Ab
1044 354 1135 386 hoste
1160 351 1375 393 pellacissimo

1012 402 1057 434 Et
1080 401 1206 434 homine
1231 400 1369 439 maligno

967 450 1139 490 oppresso,
1167 448 1388 481 turbatissimo

1014 497 1181 536 Succurre,
1209 497 1280 536 heu,
1308 495 1450 535 indigno.

932 613 939 621 .
966 584 1114 628 suscipe,
1140 587 1294 627 piissime,

1016 637 1085 668 Hoc
1111 635 1216 667 cordis
1242 633 1427 672 iubilamen‚

967 684 1040 715 Iesu
1062 683 1299 722 benignissime,

1016 729 1136 763 Confer
1158 730 1353 770 opitulamen

967 779 1141 811 Creaturae
1168 778 1350 816 vilissimae,

1014 826 1171 857 Ausculta
1196 833 1399 866 agravamen‚

969 873 1018 905 Ne
1044 877 1165 915 pereat,
1195 873 1387 911 dulcissime,

1014 921 1104 953 Mors
1128 925 1182 952 tua
1206 921 1239 952 in
1266 929 1326 952 me.
1369 921 1484 951 Amen.

274 1012 392 1040 collect.
421 1022 473 1039 ins.
495 1014 644 1040 Seitzense
675 1021 748 1040 saec.
782 1010 823 1039 15.
866 1011 935 1038 Cod.
957 1012 1080 1039 Roman.
1107 1009 1164 1038 602
1190 1010 1292 1044 (Varia
1318 1009 1356 1038 4).
1377 1026 1413 1030 —
1434 1008 1468 1043 2,
1495 1008 1513 1036 5

196 1052 220 1077 si
249 1052 377 1078 liberius,
405 1067 440 1069 —
469 1050 501 1083 6,
523 1049 540 1076 6
563 1052 640 1077 Hinc
667 1051 778 1078 maluit⁴
807 1065 843 1068 —
868 1048 901 1081 8,
930 1051 947 1076 ὕ
968 1050 1054 1076 Hanc
1074 1059 1185 1076 vereor.
1213 1065 1250 1069 —
1277 1048 1329 1076 Als
1351 1049 1444 1076 Autor
1465 1049 1514 1076 be-

196 1090 327 1116 zeichnet
348 1089 399 1115 das
414 1089 610 1116 Akrostichon
632 1091 717 1116 einen
733 1089 990 1119 lheronimus,
1012 1088 1058 1115 die
1073 1088 1126 1115 Hs.
1149 1088 1193 1115 als
1209 1088 1372 1124 Singweise
1394 1088 1440 1115 fiir
1460 1087 1513 1114 das

195 1128 282 1154 Lied:
306 1129 429 1154 Patris
451 1128 652 1163 sapientia.

621 1250 687 1279 296.
729 1236 937 1288 Alphabe'tum
958 1247 1086 1279 Morale.

536 1346 588 1379 ΒΟ
615 1349 742 1379 Adiuva
767 1357 836 1387 nos,
863 1348 949 1379 Deus
974 1356 1072 1385 meus,

622 1396 658 1426 ln
684 1400 714 1426 te
740 1396 831 1434 posui
856 1404 910 1427 cor
934 1404 1046 1426 meum.

261 1478 356 1514 Amat
384 1490 462 1520 puer
488 1481 675 1521 castitatem,

260 1528 399 1560 Mundus
426 1529 485 1559 erit
513 1528 552 1559 de
578 1534 720 1567 peccato.

261 1576 403 1608 Tertium
431 1577 512 1607 diem
540 1577 717 1615 surrexisti,

261 1624 381 1655 Sedens
406 1624 448 1655 ad
475 1625 649 1662 dexteram,
687 1623 824 1656 Christe.

226 1736 231 1741 .
260 1707 382 1743 Bonum
410 1711 509 1741 virum
536 1714 566 1740 et
592 1710 792 1749 prudentem,

259 1759 355 1797 Quem
381 1758 487 1789 Maria
512 1758 653 1797 portavit

261 1806 295 1836 ln
324 1810 475 1847 ventrem,
504 1805 682 1844 adoremus,

260 1854 377 1894 Regem
404 1862 550 1893 magnum
576 1853 685 1885 filium.

226 1965 231 1970 .
259 1936 379 1971 caecos
405 1943 439 1970 tu
463 1939 670 1977 inluminasti,

260 1987 458 2025 Paralyticos
485 1987 613 2027 curasti,

261 2035 411 2066 Lazarum
439 2034 683 2074 quatriduanum

260 2082 308 2113 De
334 2088 534 2114 monumento
559 2080 731 2114 suscitasti.

261 2167 358 2207 Deus,
383 2169 436 2208 qui
463 2169 556 2200 sedes
581 2168 639 2200 sub
657 2167 825 2208 septimum

542 2216 701 2256 thronum,

258 2264 301 2296 Et
328 2264 461 2301 iudicas,
488 2265 572 2304 quod
599 2268 647 2295 est
671 2264 799 2303 bonum,

258 2312 376 2344 Libera
399 2313 520 2344 animas
546 2315 670 2343 nostras

264 2360 309 2391 De
334 2360 478 2392 manibus
504 2360 712 2392 inimicorum.

909 1482 939 1512 5.
968 1477 1063 1518 Ecce,
1090 1478 1206 1512 flumen
1233 1481 1272 1512 de
1298 1480 1439 1512 Iordane

968 1529 1066 1566 Quem
1084 1529 1182 1559 traxit
1200 1533 1329 1560 sanctus
1343 1528 1513 1567 lohannes,

968 1576 1042 1616 Ipse
1067 1576 1171 1607 fontes
1197 1586 1257 1608 non
1284 1576 1427 1616 siccavit,

969 1623 1034 1655 Ubi
1062 1624 1223 1655 Christum
1251 1624 1437 1663 baptizavit.

933 1734 939 1741 .
971 1706 1063 1741 Fecit
1089 1710 1222 1749 caelum,
1251 1710 1329 1742 fecit
1355 1714 1485 1753 terram,

968 1757 1061 1789 Fecit
1086 1764 1222 1797 quatuor
1249 1759 1415 1798 evangelia

968 1805 1011 1836 Et
1036 1807 1068 1837 in
1095 1806 1199 1837 medio
1226 1807 1379 1846 paradiso

969 1853 1061 1884 Fecit,
1086 1853 1191 1886 Adam
1218 1860 1248 1886 et
1276 1854 1353 1886 fecit
1379 1856 1460 1888 Eva.

935 1965 940 1970 .
969 1935 1121 1972 Galilaea
1145 1941 1272 1978 quando
1298 1942 1397 1979 venit,

970 1986 1135 2018 Mirabilia
1162 1989 1261 2020 multa
1288 1987 1375 2032 fecit,

969 2034 1018 2065 De
1027 2035 1164 2074 quinque
1175 2045 1274 2074 panes
1285 2040 1315 2067 et
1324 2037 1403 2069 duos
1411 2038 1517 2078 pisces

969 2082 1107 2114 Satiavit
1131 2084 1248 2115 multas
1275 2089 1396 2126 gentes.

934 2194 939 2200 .
967 2164 1048 2200 Hait
1073 2168 1172 2210 Deus,
1199 2170 1262 2203 ait:
1289 2173 1377 2203 terra

967 2216 1035 2247 Iam
1062 2222 1230 2256 resurgunt
1249 2227 1358 2250 omnes
1376 2220 1517 2262 herbas3

966 2263 1010 2295 Et
1034 2264 1073 2295 de
1099 2272 1237 2305 germen,
1265 2267 1305 2298 de
1331 2266 1492 2302 frumento

968 2311 1103 2343 Satiavit
1128 2313 1245 2345 multas
1271 2320 1392 2355 gentes.
