1651 2680
624 324 683 355 196.
727 324 768 355 De
789 324 899 355 sanctu
918 323 1067 356 Barbara.

205 443 236 475 1.
264 443 345 480 Ave,
371 446 482 473 sancta
507 441 661 479 Barbara,

313 488 440 520 Christo
467 489 667 530 desponsata,

266 536 307 568 Et
335 537 490 577 virgInum
517 538 645 569 aureola

313 584 364 616 Ab
390 587 460 624 ipso
485 590 606 618 ornata.

203 681 238 712 2.
265 681 290 712 O
317 680 418 717 beata,

264 728 331 759 Deo
357 733 458 769 grata,

313 777 436 815 Sponsa
462 776 580 809 Christi
608 776 763 811 Barbara,

262 824 340 855 Esto
366 825 419 862 pia

263 871 355 912 Mihi,
383 873 455 912 quia

314 920 387 950 Sum
414 921 444 951 in
472 920 544 951 labe
573 919 699 951 misera.

890 444 922 476 3.
949 442 1063 474 Mundi
1087 442 1196 474 florem
1223 447 1253 474 et
1280 442 1415 473 nitorem

998 488 1168 530 Refutasti‚

951 536 1014 569 Sed
1040 538 1222 578 angelornm
1251 536 1412 570 dominum

999 585 1047 616 Tu
1072 586 1196 618 amasti.

892 683 924 713 4.
952 681 1038 720 Ergo
1065 681 1170 721 digna.
1197 690 1216 712 o
1241 681 1386 721 benigna,

953 728 1045 759 Nunc
1069 729 1206 768 implora
1231 733 1262 759 et
1289 737 1387 759 exora

1002 776 1064 808 Pro
1089 786 1139 807 me
1164 776 1226 808 Dei
1251 775 1362 813 filium,

954 823 998 855 Ut
1024 828 1156 862 peccata
1182 827 1369 863 perpetrata.

954 871 1021 902 Iam
1047 870 1177 904 deflenti
1203 871 1379 911 paenitenti

999 918 1102 950 Detur
1128 919 1203 950 mihi
1230 920 1339 958 venia3

586 1019 617 1048 5.
648 1016 691 1047 Ut
717 1019 790 1054 post
815 1015 913 1047 vitam
938 1014 990 1045 hic
1015 1014 1136 1046 finitam

648 1063 728 1094 Fine
755 1063 837 1094 bono
863 1062 923 1094 Dei
952 1063 1033 1094 dono

696 1110 802 1141 Fruar
827 1110 906 1142 caeli
933 1110 1044 1150 gloria.

267 1205 347 1231 Orat.
374 1214 425 1231 rus.
453 1205 639 1232 Boliemicum
668 1214 742 1231 saec.
772 1203 818 1231 15.
862 1204 932 1231 Cod.
960 1205 1197 1240 Ducumburgen.
1225 1202 1270 1231 89.
1297 1218 1332 1222 -
1364 1202 1392 1232 1,
1418 1201 1436 1229 4
1462 1202 1506 1230 Ab

191 1243 256 1278 ipso
279 1243 366 1278 digne
389 1247 500 1270 ornata.
522 1258 558 1261 *-
579 1243 630 1270 Als
655 1241 792 1278 „Oratio“
816 1242 994 1269 bezeichnet.

622 1440 681 1470 197.
724 1440 765 1470 De
788 1443 896 1470 sancta
916 1439 1068 1470 Barbara.

207 1560 237 1591 1.
265 1560 345 1590 Ave.
373 1568 494 1598 gemma
520 1568 538 1590 o
565 1559 742 1599 praeclara,

267 1607 394 1645 Martyr
418 1607 479 1639 Dei
505 1606 658 1640 Barbara.

267 1653 370 1691 Salve,
398 1655 506 1686 lucens
534 1654 714 1693 margarita,

266 1702 426 1733 Yirtutum
453 1701 530 1733 flore
556 1702 716 1741 redimita,

264 1751 343 1781 Ave.
370 1750 459 1789 virgo
485 1750 633 1789 gloriosa,

265 1797 389 1837 Sponsa
416 1798 532 1829 Christi
561 1796 790 1837 praeformosa.

205 1894 237 1925 2.
265 1892 369 1931 Salve,
397 1903 469 1924 rosa
495 1893 634 1934 vallium,

268 1941 411 1972 Paradisi
438 1942 550 1980 lilium,

266 1988 401 2020 Pulchra
428 1990 531 2029 nimis,
559 1989 626 2020 Deo
652 1992 753 2028 grata,

265 2040 350 2074 Quae
376 2047 394 2068 a
420 2042 511 2076 patre
537 2046 570 2068 es
596 2040 752 2075 truncata,

264 2083 356 2114 Nunc
380 2094 455 2116 vero
481 2085 544 2124 iugi
571 2084 670 2124 gloria

267 2131 392 2170 Regnas
418 2133 449 2163 in
476 2132 556 2164 caeli
583 2131 667 2162 curia

949 1558 1026 1590 Cum
1054 1559 1191 1599 Christo,
1219 1569 1236 1590 o
1260 1559 1488 1600 pulcherrima,

948 1607 1036 1637 Inter
1061 1610 1243 1638 sanctorum
1271 1607 1396 1647 agmina

891 1706 921 1733 2.
949 1701 1013 1733 Ora
1038 1711 1097 1740 pro
1123 1701 1215 1733 nobis
1243 1702 1369 1743 iugiter,

950 1749 998 1780 Ne
1024 1754 1126 1781 morte
1153 1750 1381 1781 damnabiliter

947 1796 1014 1828 Nos
1040 1797 1147 1829 laedat
1174 1798 1268 1837 culpa
1294 1798 1459 1830 eriminum

948 1844 1016 1876 Nec
1051 1848 1156 1877 taetra
1182 1845 1276 1877 turba
1303 1846 1504 1886 daemonum,

947 1892 1010 1924 Sed
1036 1902 1128 1925 sacro
1155 1893 1274 1926 Christi
1300 1903 1435 1933 corpore

948 1941 989 1971 Et
1017 1943 1158 1981 pretioso
1184 1942 1336 1981 sanguine

948 1987 1072 2020 Refecti
1099 1990 1196 2020 simus
1224 1990 1372 2030 dulciter,

949 2036 992 2068 Ut
1018 2041 1119 2068 tecum
1147 2038 1354 2069 aeternaliter

951 2083 1121 2116 Gustemus
1148 2085 1267 2117 Christi
1293 2095 1424 2117 munera

948 2131 1012 2162 Per
1036 2132 1161 2164 infinita
1187 2134 1325 2167 saecula.

269 2228 349 2253 Orat.
374 2236 424 2253 ms.
441 2223 668 2262 Stirpinenwsss
693 2234 769 2252 ¹saec.
792 2224 835 2252 15.
871 2225 940 2252 Cod.
957 2226 1115 2260 Stirpineu.
1137 2226 1182 2254 43.
1206 2226 1279 2260 -3,
1301 2227 1317 2255 ’Ῐ
1339 2237 1448 2256 sumus.
1470 2242 1507 2246 —

191 2263 226 2297 3,
256 2263 290 2292 10
317 2265 498 2292 saeculorum
526 2265 652 2292 saecula.
674 2279 711 2282 —
734 2265 925 2298 „Quicunque
953 2270 1124 2299 sequentum
1153 2264 1315 2294 orationem
1343 2267 1391 2294 vel
1417 2275 1509 2294 unum

191 2303 280 2331 Pater
295 2306 393 2330 noster
415 2307 443 2330 et
461 2305 523 2331 Ave
537 2304 633 2330 Maria
651 2303 688 2329 ob
709 2302 848 2329 honorem
869 2306 988 2329 sanctae
1004 2303 1161 2337 Barbarae,
1176 2306 1302 2341 virginis
1319 2308 1348 2332 et
1362 2306 1508 2340 martyris,

190 2342 300 2370 cotidie
325 2341 449 2372 dixerit,
479 2345 509 2369 et
533 2342 610 2368 diem
638 2342 785 2377 passionis
812 2341 876 2367 eius
902 2341 1095 2368 celebraverit
1123 2351 1188 2370 cum
1215 2345 1326 2371 ieiunio
1357 2346 1386 2371 et
1405 2343 1507 2371 divino

190 2380 302 2411 officio.
329 2381 353 2406 si
382 2384 491 2416 potest,
528 2389 678 2415 nunquam
706 2379 862 2406 subitanea
884 2383 976 2406 morte
996 2388 1050 2406 nec
1071 2382 1134 2408 sine
1155 2382 1303 2409 dominico
1324 2385 1508 2410 sacramento
1527 2407 1535 2413 ,

190 2429 243 2446 nec
265 2420 352 2446 etiam
375 2421 437 2446 siue
459 2420 643 2446 confessione
664 2422 693 2446 et
713 2419 888 2445 contritione
909 2418 1075 2445 morietur&
