1651 2680
644 96 905 132 —137—

147 195 180 227 5.
204 192 382 234 Dominus,
409 192 463 232 qui
489 198 605 225 cuncta
628 193 720 236 regit,
818 194 872 227 10.
900 193 1096 225 Mulier-ibus
1123 192 1278 235 praelata,

205 240 252 272 Te
276 241 309 272 in
335 246 468 273 matrem
494 241 669 282 praeelegit
900 241 946 273 Es
972 251 1050 281 prae
1076 241 1196 272 cunctis
1223 240 1378 272 honorata

205 289 247 320 Et
275 297 402 320 carnem
429 289 469 320 de
495 293 527 320 te
553 289 695 329 collegit,
901 289 947 320 Es
973 293 1005 320 et
1030 288 1244 330 privilegiata,

208 337 268 368 Per
281 345 375 376 quam
386 337 510 368 hostem
521 346 594 369 mox
604 336 742 377 subegit.
902 337 983 376 Quia
1009 346 1042 369 es
1068 335 1227 368 deificata.

149 445 180 476 6.
207 442 337 483 Tecum,
364 444 468 473 mater
493 442 636 481 pietatis,
821 443 875 475 11.
903 442 947 474 Et
973 443 1019 473 sic
1047 442 1141 482 digne
1166 441 1324 480 adoraris,

209 490 266 521 Vis
292 494 340 521 est
365 493 433 521 tota
460 489 610 528 deitatis;
903 490 928 522 Ο
955 491 1122 530 praeclara
1148 490 1241 521 stella
1267 489 1377 529 matis,

208 538 294 578 Ergo
318 537 437 570 nostris
463 546 522 577 pro
549 538 690 577 peccatis
902 537 1113 578 Collaudati5‚
1140 537 1317 575 honoraris,

207 586 307 626 Roga,
335 585 427 617 stella
455 585 623 618 claritatis.
901 586 1085 624 Adamaris‚
1111 586 1305 618 sublimaris

152 694 182 726 7.
209 692 385 723 Benedicta
411 700 468 722 nos
494 694 594 730 tuere,
822 692 875 725 12.
902 691 1098 723 Benedictus
1126 696 1196 722 tuus
1224 694 1327 725 natus,

210 740 297 771 Hora
322 738 433 771 mortis
461 747 530 770 cum
557 747 671 779 urgere
899 740 956 779 Qui
984 749 1043 779 pro
1069 739 1158 770 nobis
1184 739 1369 769 vulneratus

207 788 274 819 Nos
298 787 455 824 intendat,
480 787 558 818 velis
585 795 660 818 vere
902 787 1039 818 Exstitit
1065 791 1096 817 et
1123 787 1284 818 lanceatus

208 836 254 867 Te
279 840 481 875 praesentem
507 835 670 867 exhibere.
900 835 970 866 Nec
996 845 1058 866 non
1084 835 1185 874 Spinis
1212 840 1393 866 coronatus.

152 944 182 976 8.
209 942 258 974 Tu
284 942 420 983 pulchre
448 950 583 972 vernans
611 941 723 981 lilium,
822 942 875 973 13.
902 940 1045 972 Fructus
1073 946 1143 971 tuus
1170 945 1278 972 noster
1304 949 1384 978 esus,

208 990 310 1021 Tuum
337 991 476 1029 deposce
501 988 612 1029 filium,
903 989 962 1019 Ille
990 989 1134 1020 Christus
1163 989 1264 1020 ‹lulcis
1294 989 1390 1027 lesus,

210 1038 253 1070 Ut
278 1038 310 1069 in
336 1044 422 1070 sorte
448 1037 613 1068 humilium
904 1037 966 1068 Per
992 1041 1022 1066 te
1048 1038 1092 1067 ita
1119 1037 1173 1067 fiat
1201 1046 1282 1075 θεας,

211 1086 311 1117 Nobis
337 1086 391 1118 det
418 1085 622 1117 domicilium.
906 1084 954 1115 Ne
981 1085 1112 1116 exsistat
1140 1085 1214 1115 inde
1241 1086 1354 1116 laesus

157 1193 187 1225 9.
213 1191 257 1222 Ιη
282 1200 343 1230 quo
368 1191 471 1230 ipsum
495 1189 749 1228 contemplemur
824 1190 876 1222 14.
910 1189 1037 1221 Ventris
1063 1190 1167 1221 aulam
1196 1189 1359 1228 virginalis

211 1239 280 1270 Nec
305 1238 345 1270 ab
372 1239 442 1280 ipso
467 1244 714 1277 sequestremur,
906 1237 1017 1268 Proles
1045 1238 1175 1269 intravit
1202 1237 1330 1277 regalis.

214 1287 278 1318 Sed
304 1295 373 1318 cum
399 1286 470 1325 ipso
495 1286 667 1326 gloriemur
905 1287 991 1323 Quae
1015 1295 1071 1317 nos
1102 1290 1193 1316 eruat
1218 1296 1235 1317 a
1261 1285 1352 1316 malis

213 1335 254 1367 Et
281 1334 312 1366 in
339 1335 409 1374 ipso
434 1333 635 1366 collocemur.
904 1334 1020 1365 Mortis
1047 1334 1092 1365 sic
1119 1334 1269 1367 exitialis,

407 1440 462 1472 15.
489 1440 549 1471 Tui
575 1449 692 1477 sumus,
720 1443 823 1471 mater
851 1438 957 1478 digna,

489 1488 626 1519 Multum
655 1487 757 1518 dulcis
781 1491 813 1518 et
840 1487 987 1526 benigna,

491 1536 559 1568 Tuo
586 1542 660 1568 nato
689 1545 743 1567 nos
771 1535 931 1575 consigna,

492 1584 541 1615 Ne
566 1594 624 1616 nos
650 1583 758 1616 laedat
784 1593 868 1615 mors
893 1583 1043 1623 maligna.

196 1690 278 1716 Miss.
307 1699 357 1717 ma.
381 1689 585 1725 Alrispaeense
614 1698 689 1716 saec.
722 1687 764 1716 15.
808 1689 881 1715 Ulm.
903 1689 1056 1714 Monacen.
1079 1685 1163 1715 2873.
1185 1703 1219 1706 —
1246 1687 1274 1717 1,
1303 1686 1320 1714 4
1342 1688 1403 1714 Nos
1426 1696 1442 1713 a

118 1729 238 1756 cunctis.
267 1745 300 1748 —
330 1727 380 1762 10,
407 1727 421 1755 1
451 1728 613 1764 praeclara.
639 1742 670 1745 —
700 1726 752 1759 11,
781 1727 795 1755 1
824 1727 865 1754 Et
885 1728 961 1753 sicut
982 1726 1070 1762 digne
1102 1741 1137 1744 —
1162 1726 1209 1754 14,
1239 1727 1255 1753 2
1279 1727 1383 1753 Prolis.
1406 1742 1442 1745 —

120 1766 162 1801 14,
184 1766 201 1793 3
221 1775 274 1794 nos
294 1768 374 1794 fehlt.

573 1949 621 1980 95.
662 1948 762 1988 Super
784 1946 978 1988 Magnificat.

486 2070 514 2101 1.
544 2068 645 2102 Unius
672 2067 809 2098 numinis

592 2114 656 2148 Sed
682 2114 779 2146 trium
805 2114 966 2147 nominum

543 2165 620 2197 Mea
646 2163 840 2203 maqnificat

591 2211 707 2244 anima
734 2211 929 2249 Dominum,

541 2262 623 2302 Quia
648 2259 803 2292 laetificat

591 2307 674 2341 filios
700 2307 862 2340 hominum

542 2360 687 2397 Impetus
712 2354 852 2388 fluminis

593 2406 642 2438 De
668 2403 758 2437 fonte
783 2403 956 2437 fluminum.
