1651 2680
656 107 894 143 -47-

613 219 662 250 30.
701 218 747 250 Ad
771 218 935 251 Christum.

126 329 159 362 1.
185 328 267 370 Ave,
294 327 402 360 lumen
427 328 623 368 angelorum,

185 376 286 408 Vivus
311 375 422 408 oculus
449 384 626 414 caecorum,

182 421 325 457 Insidias
351 423 534 464 provideas,

184 472 234 504 Ne
259 481 310 503 me
335 471 470 503 seducat
495 470 642 505 Satanas

818 331 849 363 2.
876 330 957 365 Ave,
984 328 1096 360 mortis
1121 328 1346 368 triumphator,

876 377 1014 415 Christe,
1041 377 1181 416 gentium
1208 376 1360 414 salvator,

877 424 928 456 Da
953 423 1060 463 fidem,
1089 424 1129 456 da
1155 433 1221 455 rem
1248 424 1318 463 spei

878 471 955 504 Cum
982 472 1126 512 caritate,
1153 471 1198 503 fili
1226 472 1296 505 Dei.

451 568 484 600 3.
512 568 592 608 Ave,
620 567 687 598 vita
712 567 888 607 beatorum,

515 614 618 646 Dulce
643 615 818 654 praemium
845 614 1001 650 laborum.

515 663 568 694 Ad
595 662 713 702 gaudia
738 663 867 694 stabilia

516 710 587 742 Duc
613 719 663 741 me
688 714 762 750 post
788 711 867 742 haec
893 710 1017 742 exsilia.

191 807 273 835 Orat.
294 815 347 833 ms.
369 805 533 841 Campense
554 806 625 832 anni
650 802 732 833 1462.
755 804 824 832 Cod.
846 804 1064 832 Darmstadien.
1085 802 1148 832 521.

618 975 658 1006 31.
700 975 744 1006 Ad
768 975 934 1006 Christum.

132 1087 164 1120 1.
192 1087 272 1127 Ave,
299 1095 365 1127 rex,
393 1086 499 1117 lumen
527 1086 682 1124 cordium,

189 1135 270 1174 Ave,
297 1138 479 1165 sanctorum
506 1134 666 1173 gaudium,

188 1182 268 1222 Ave,
296 1182 388 1214 dulce
414 1182 567 1213 solacium

192 1232 236 1263 Et
259 1231 386 1262 unicum
414 1229 582 1270 refugium.

132 1328 150 1359 [ὓ

156 1352 164 1359 .
191 1327 216 1359 O
242 1336 335 1367 quam
361 1327 413 1366 pie
441 1335 495 1358 cor
520 1326 629 1364 satias,

189 1375 244 1407 Me
267 1379 370 1406 tntum
396 1374 455 1406 tibi
482 1375 644 1413 vendicas,

189 1425 339 1455 Amorem
366 1421 452 1454 ferre
477 1431 609 1463 nequeo,

189 1471 251 1504 Cor
276 1471 406 1511 languet
433 1471 603 1504 desiderio.

132 1569 163 1602 3.
190 1568 351 1608 Quidquid
378 1576 484 1608 cerno,
512 1566 653 1609 fastidio,

188 1616 234 1648 'I'e
260 1615 379 1648 fontem
406 1616 490 1647 vitae
514 1616 598 1655 sitio,

187 1665 272 1697 Vere
298 1664 430 1696 dissolvi
458 1664 563 1704 cupio,

188 1712 234 1745 Ut
258 1715 290 1744 te
315 1712 404 1744 fruar
430 1721 500 1744 cum
526 1712 654 1752 gaudio.

823 1087 854 1118 4.
883 1085 944 1123 En,
972 1084 1109 1116 dulciter
1135 1093 1184 1116 me
1212 1084 1334 1124 visitas,

883 1133 943 1171 En,
971 1131 1098 1162 fortiter
1124 1142 1173 1164 me
1203 1132 1321 1169 ebrias,

882 1181 941 1217 En,
969 1181 1022 1211 vix
1047 1188 1097 1210 me
1122 1181 1225 1220 ipsum
1252 1180 1355 1219 capio,

882 1228 1068 1267 Prorumpit
1093 1237 1180 1260 meus
1207 1229 1238 1259 in
1264 1228 1376 1260 iubilo.

844 1351 851 1358 .
880 1325 969 1357 Caeli
995 1325 1090 1363 cives,
1118 1325 1307 1366 succurrite,

879 1374 970 1405 Pium
997 1374 1102 1405 Iesum
1129 1383 1184 1405 vos
1210 1372 1340 1414 flectite,

880 1421 924 1454 Ut
949 1429 1071 1452 mecum
1098 1430 1225 1461 semper
1252 1426 1379 1453 maneat

884 1469 923 1500 Et
950 1469 983 1500 in
1010 1478 1043 1500 se
1068 1469 1114 1500 sic
1139 1470 1274 1502 reficiat.

846 1593 852 1599 .
880 1567 980 1604 Quam
1008 1565 1110 1597 dulcis
1137 1566 1223 1605 mihi,
1254 1565 1401 1606 Domine,

878 1616 941 1647 Cor
966 1617 1116 1654 penetras
1144 1614 1350 1654 pIenissime;

879 1663 904 1694 Ο
931 1666 1067 1702 quantus
1094 1671 1127 1694 es
1153 1663 1185 1694 in
1211 1663 1323 1702 gloria,

879 1710 939 1749 Qui
964 1714 1071 1742 tantus
1097 1719 1129 1742 es
1157 1712 1187 1742 in
1215 1710 1336 1751 gratia!

191 1807 272 1835 Orat.
294 1817 346 1835 ms.
362 1808 549 1835 Franciscan.
565 1808 703 1835 German.
725 1815 800 1833 saec.
820 1804 861 1833 14.
885 1807 924 1832 in.
939 1805 1165 1838 (Privathesitz).
1181 1822 1218 1826 —
1236 1806 1260 1838 1,
1281 1804 1299 1832 4
1321 1807 1440 1833 unicum

115 1846 268 1874 solacium.
290 1862 324 1866 —
345 1845 372 1879 3,
393 1846 412 1874 4
432 1848 520 1874 fruor.
543 1861 579 1865 -
600 1846 627 1875 6.
652 1845 665 1872 1
689 1854 719 1873 es
742 1845 824 1872 mihi.

619 2017 666 2048 32.
707 2016 752 2048 Ad
773 2015 938 2048 Christum.

127 2130 158 2165 1.
185 2128 212 2164 0
238 2129 321 2170 Iesu,
347 2130 454 2162 lumen
481 2128 643 2165 mentium,

236 2178 286 2210 Tu
311 2178 399 2210 Deus
425 2178 617 2217 illustrator,

187 2227 331 2267 Sponsus
357 2230 390 2258 te
416 2225 630 2266 diligentium,

232 2276 369 2307 Amatus
393 2278 426 2306 et
451 2278 586 2312 amator,

183 2323 302 2356 Ditans
328 2326 451 2355 mentes
478 2321 664 2360 viventium,

184 2372 239 2405 Ad
264 2375 298 2404 te
323 2371 425 2404 Deum
453 2370 660 2409 currentium,

234 2421 284 2453 Tu
305 2420 417 2452 mundi
443 2419 649 2461 gubernator.

820 2128 853 2160 2.
881 2123 1015 2160 mustra
1040 2133 1110 2156 mea
1137 2126 1260 2166 intima,

928 2174 974 2205 Te
1001 2173 1084 2205 dona
1111 2174 1288 2215 degustari,

879 2225 963 2263 Iesu,
992 2221 1129 2254 dulcedo
1156 2223 1305 2259 maxima,

927 2271 982 2303 Me
1008 2270 1094 2310 cogis
1121 2271 1287 2312 delectari,

877 2319 923 2352 Ut
949 2323 1003 2350 tua
1029 2318 1219 2351 suavissima

879 2367 970 2399 Bona
996 2366 1160 2406 degustem
1187 2372 1219 2399 et
1244 2367 1377 2407 optima,

928 2415 1048 2455 Quibus
1075 2424 1124 2446 me
1151 2415 1202 2448 fac
1229 2416 1337 2449 ditari.
