1651 2680
707 97 847 133 —30

523 199 564 229 21.
606 199 723 230 versus
745 198 782 230 de
804 199 965 231 nominica
987 199 1144 232 Oratione.

375 288 501 329 Sancte,
528 293 615 319 tuum
642 296 766 329 nomen,
794 292 896 328 pater,
922 289 954 320 in
980 298 1029 321 me
1054 290 1281 332 sanctificetur,

372 336 473 367 Filius
499 339 534 366 ut
559 336 618 367 tibi
644 335 713 372 sim,
741 337 899 375 sapientia
924 345 1003 376 pace
1030 337 1166 377 iuvetur,

372 384 512 423 Regnum
541 384 581 415 da
607 384 744 414 clemens
769 383 1028 425 intellectumque
1053 384 1258 425 profundum,

370 433 436 470 Quo
463 431 622 462 mediante
650 430 750 461 Deum
777 439 832 462 cor
857 431 958 471 possit
983 441 1114 464 cernere
1140 432 1302 464 mundum.

316 483 346 512 5.
373 479 447 511 Fiat
474 479 554 510 velle
578 483 675 517 tuum,
703 478 749 509 sic
775 480 913 520 consule,
940 481 1133 519 consiliator,

372 527 417 559 Ut
443 527 518 557 mihi
544 528 720 558 mercedem
747 527 912 558 miseranti
938 527 1006 567 des,
1031 528 1210 558 miserator.

374 574 510 605 Caelesti
537 584 584 604 me
611 583 692 614 pane
718 573 788 604 ciba
815 573 960 614 fragilem
984 575 1164 613 solidando,

370 623 413 654 Ut
440 622 479 652 sit
506 623 625 652 esuries
653 621 727 651 mihi
753 621 894 653 institiae
919 622 1098 661 salutando,

373 669 415 701 Ut
442 669 515 699 mihi
545 670 695 709 dimittas,
724 669 868 708 dimitto;
895 669 1028 700 scientia
1055 670 1171 700 luctum

291 718 344 750 10.
372 718 505 756 Augeat,
533 717 564 747 in
588 716 728 748 lacrimis
755 717 808 747 det
835 717 1009 748 consolatio
1035 716 1181 748 fructum.

373 764 420 794 Ne
446 770 592 806 temptes,
621 773 695 802 rogo
722 767 752 793 tc
778 764 908 803 pietatis
933 773 1025 803 opem
1052 765 1129 795 mihi
1156 763 1253 800 ferre,

372 811 416 843 Ut
440 811 517 842 mihi
541 815 703 843 mansueto
731 811 824 842 detur
850 812 1009 851 possessio
1035 818 1151 843 terrae.

372 859 469 890 Liber
494 864 527 890 ut
554 869 621 890 esse
648 867 771 898 queam,
798 860 851 898 qui
878 860 1002 900 liberet,
1031 859 1115 890 adde
1142 860 1300 896 timorem,

371 909 437 944 Quo
464 907 539 937 mihi
566 915 653 938 mens
680 906 807 938 humilis
834 908 922 947 regni
949 911 1108 938 mercatur
1134 907 1297 938 honorem.

250 999 408 1026 Callet-tnn-
431 1009 482 1025 ms.
505 1001 604 1027 incer-t.
627 1001 731 1035 origin.
754 1009 828 1027 saec.
852 999 895 1027 13.
917 999 986 1026 Cod.
1002 1000 1144 1027 Mazarin.
1162 998 1218 1028 742
1238 999 1342 1031 (1115).
1359 1015 1394 1019 —
1409 998 1493 1027 Naeh

177 1036 210 1064 14
237 1038 333 1073 folgen
364 1038 437 1064 noch
470 1040 539 1064 zwei
568 1040 758 1070 Hexametcr,
790 1039 836 1065 die
868 1038 949 1066 nicht
980 1048 1015 1065 zu
1042 1039 1106 1065 «lem
1132 1038 1275 1066 Gediebte
1301 1047 1337 1065 zu
1363 1038 1492 1074 gehoren

174 1076 324 1103 sclieinen:

479 1115 587 1141 ‹n-‹line
610 1115 778 1149 retrogrado
800 1116 861 1142 fieri
884 1118 1050 1151 progressio
1072 1116 1166 1144 debet.

480 1157 573 1185 Quam
596 1154 739 1179 naturalis
761 1155 846 1180 nobis
868 1155 1011 1188 inspectio
1035 1156 1161 1189 praebet.

489 1293 537 1322 22.
582 1293 788 1332 Paraphrasis
811 1294 968 1325 orationis
993 1294 1176 1326 [lominicae.

195 1383 223 1414 1.
252 1383 347 1414 Pater
374 1390 479 1412 rerum
506 1384 642 1414 omnium

295 1430 366 1468 pius
392 1433 424 1460 et
449 1429 564 1471 fidelis,

248 1478 352 1509 Iustus
379 1480 409 1507 et
436 1478 625 1513 misericors,

298 1525 444 1556 habitans
470 1526 502 1556 in
529 1527 636 1562 caelis,

249 1573 349 1605 Serva
374 1582 430 1602 nos
456 1582 475 1604 a
500 1573 621 1613 laqueis

296 1620 432 1651 hostium
460 1625 491 1651 et
517 1622 589 1652 telis

250 1667 440 1699 Caelestium
467 1669 614 1708 spiritum

298 1716 521 1747 commendans
547 1718 665 1748 tutelis.

193 1811 225 1841 2.
252 1810 394 1850 Regnum
421 1815 505 1842 tuum
534 1813 649 1847 veniat,

300 1859 456 1897 Cpristus,
484 1864 554 1891 tuus
578 1866 679 1892 natus.

251 1906 309 1944 Qui
337 1906 540 1938 ineffabiliter

300 1959 345 1985 est
373 1964 430 1994 pro
458 1955 548 1985 nobis
574 1961 676 1990 natus,

252 2001 326 2040 Ipse
351 2005 459 2032 nostra
485 2003 605 2034 scelera

300 2054 411 2088 purget
439 2054 467 2080 et
496 2056 611 2092 reatus,

253 2096 322 2127 Hoc
347 2106 405 2136 pro
433 2097 522 2128 nobis
549 2101 686 2137 postulet

299 2146 435 2176 caelicus
462 2149 602 2179 conatus

221 2267 224 2271 .
256 2241 289 2271 In
316 2250 372 2272 nos
398 2245 450 2272 tua
475 2242 579 2281 gratia

300 2297 426 2328 semper
451 2289 630 2329 innovetur,

254 2336 365 2378 Tuum,
393 2340 425 2368 ut
452 2337 484 2368 in
512 2338 606 2369 caelis
634 2342 691 2377 est,

299 2385 344 2416 sic
371 2384 587 2417 sanctificetur

935 1384 1065 1416 Sacrum
1092 1395 1216 1423 nomen,
1244 1394 1341 1424 super
1366 1395 1424 1418 nos

981 1433 1069 1473 virgo
1095 1434 1271 1472 invocetur,

935 1480 1008 1511 sola
1034 1481 1102 1512 sine
1128 1481 1253 1513 macula

981 1537 1061 1567 quae
1087 1537 1214 1569 semper
1239 1529 1387 1563 habetur.

900 1650 904 1656 .
935 1623 1035 1654 Tuum
1062 1625 1145 1656 velle
1171 1626 1275 1665 vigeat

982 1672 1012 1702 in
1040 1673 1114 1703 altis
1140 1677 1171 1704 et
1197 1673 1280 1712 imis,

936 1719 1014 1761 Iloc,
1043 1723 1192 1762 concede,
1221 1720 1329 1753 facere

982 1776 1108 1807 semper
1132 1774 1166 1800 ut
1193 1771 1364 1810 possimus,

936 1814 1082 1847 Nostram
1111 1817 1344 1857 impotentiam,

982 1868 1083 1903 pater,
1112 1865 1192 1897 bene
1218 1866 1346 1907 scimus,

936 1912 1017 1949 Quia
1042 1913 1101 1943 tibi
1127 1915 1197 1945 sine
1221 1918 1254 1945 te

983 1959 1110 1998 placere
1137 1962 1316 2002 nequimus.

880 2058 908 2086 Γ.
939 2055 1054 2086 l'ancm
1080 2061 1223 2089 nostrum
1250 2058 1347 2090 hodie

985 2103 1023 2134 da
1051 2105 1257 2146 cotidianum,

936 2149 1053 2182 Panem
1079 2152 1172 2191 hunc,
1199 2154 1252 2192 qui
1279 2156 1421 2187 saucium

982 2203 1083 2230 totum
1109 2199 1187 2232 fecit
1213 2210 1335 2243 sanum,

938 2245 1055 2277 Panem
1082 2247 1176 2288 hunc,
1203 2250 1257 2288 qui
1285 2248 1435 2284 fiivolum

985 2296 1108 2336 respuit
1133 2300 1165 2326 et
1191 2305 1318 2336 vanum,

938 2341 1066 2383 Panem,
1095 2344 1149 2383 qui
1174 2344 1334 2378 salvificat
1378 2359 1426 2385 q,

984 2399 1082 2428 genus
1108 2395 1140 2423 et.
1164 2391 1345 2426 humanum.
