<?xml version="1.0" encoding="UTF-8"?>
<!DOCTYPE html PUBLIC "-//W3C//DTD XHTML 1.0 Transitional//EN"
    "http://www.w3.org/TR/xhtml1/DTD/xhtml1-transitional.dtd">
<html xmlns="http://www.w3.org/1999/xhtml" xml:lang="en" lang="en">
 <head>
  <title>
</title>
<meta http-equiv="Content-Type" content="text/html;charset=utf-8" />
  <meta name='ocr-system' content='tesseract 3.04.00' />
  <meta name='ocr-capabilities' content='ocr_page ocr_carea ocr_par ocr_line ocrx_word'/>
</head>
<body>
  <div class='ocr_page' id='page_1' title='image "./analectahymnica46drevuoft/analectahymnica46drevuoft_0387.png"; bbox 0 0 1653 2680; ppageno 0'>
   <div class='ocr_carea' id='block_1_1' title="bbox 699 55 961 90">
    <p class='ocr_par' dir='ltr' id='par_1_1' title="bbox 699 55 961 90">
     <span class='ocr_line' id='line_1_1' title="bbox 699 55 961 90; baseline -0.004 0"><span class='ocrx_word' id='word_1_1' title='bbox 699 55 961 90; x_wconf 80' lang='lat'>-384—</span> 
     </span>
    </p>
   </div>
   <div class='ocr_carea' id='block_1_2' title="bbox 641 174 1025 207">
    <p class='ocr_par' dir='ltr' id='par_1_2' title="bbox 641 174 1025 207">
     <span class='ocr_line' id='line_1_2' title="bbox 641 174 1025 207; baseline -0.005 -1"><span class='ocrx_word' id='word_1_2' title='bbox 641 175 709 207; x_wconf 87' lang='lat'><strong>330.</strong></span> <span class='ocrx_word' id='word_1_3' title='bbox 751 175 792 205; x_wconf 87' lang='lat' dir='ltr'>De</span> <span class='ocrx_word' id='word_1_4' title='bbox 813 174 900 205; x_wconf 82' lang='lat' dir='ltr'>Bello</span> <span class='ocrx_word' id='word_1_5' title='bbox 920 174 1025 205; x_wconf 81' lang='lat' dir='ltr'>Sacro.</span> 
     </span>
    </p>
   </div>
   <div class='ocr_carea' id='block_1_3' title="bbox 193 254 1360 582">
    <p class='ocr_par' dir='ltr' id='par_1_3' title="bbox 193 254 1360 582">
     <span class='ocr_line' id='line_1_3' title="bbox 193 254 1232 295; baseline -0.005 -4"><span class='ocrx_word' id='word_1_6' title='bbox 193 260 222 291; x_wconf 94' lang='lat'>1.</span> <span class='ocrx_word' id='word_1_7' title='bbox 249 259 339 290; x_wconf 90' lang='lat' dir='ltr'>Tolle</span> <span class='ocrx_word' id='word_1_8' title='bbox 365 256 551 293; x_wconf 81' lang='lat' dir='ltr'>sarcinulas,</span> <span class='ocrx_word' id='word_1_9' title='bbox 875 256 905 287; x_wconf 88' lang='lat'>2.</span> <span class='ocrx_word' id='word_1_10' title='bbox 933 254 1064 286; x_wconf 87' lang='lat' dir='ltr'>Transit</span> <span class='ocrx_word' id='word_1_11' title='bbox 1088 255 1232 295; x_wconf 84' lang='lat' dir='ltr'>pericula</span> 
     </span>
     <span class='ocr_line' id='line_1_4' title="bbox 247 302 1194 345; baseline -0.001 -9"><span class='ocrx_word' id='word_1_12' title='bbox 247 306 306 345; x_wconf 83' lang='lat' dir='ltr'>Qui</span> <span class='ocrx_word' id='word_1_13' title='bbox 333 314 456 336; x_wconf 88' lang='lat' dir='ltr'>crucem</span> <span class='ocrx_word' id='word_1_14' title='bbox 483 304 617 343; x_wconf 72' lang='lat' dir='ltr'>haimos,</span> <span class='ocrx_word' id='word_1_15' title='bbox 934 302 1023 334; x_wconf 89' lang='lat' dir='ltr'>Petri</span> <span class='ocrx_word' id='word_1_16' title='bbox 1047 303 1194 335; x_wconf 87' lang='lat' dir='ltr'>navicula</span> 
     </span>
     <span class='ocr_line' id='line_1_5' title="bbox 294 350 1330 393; baseline -0.003 -8"><span class='ocrx_word' id='word_1_17' title='bbox 294 354 346 385; x_wconf 91' lang='lat' dir='ltr'>Ad</span> <span class='ocrx_word' id='word_1_18' title='bbox 372 352 475 384; x_wconf 80' lang='lat' dir='ltr'>crucis</span> <span class='ocrx_word' id='word_1_19' title='bbox 500 351 656 391; x_wconf 80' lang='lat' dir='ltr'>proelium</span> <span class='ocrx_word' id='word_1_20' title='bbox 981 350 1051 382; x_wconf 79' lang='lat' dir='ltr'>Nee</span> <span class='ocrx_word' id='word_1_21' title='bbox 1073 353 1142 383; x_wconf 79' lang='lat' dir='ltr'>tota</span> <span class='ocrx_word' id='word_1_22' title='bbox 1165 351 1330 393; x_wconf 75' lang='lat' dir='ltr'>mergitur,</span> 
     </span>
     <span class='ocr_line' id='line_1_6' title="bbox 295 397 1355 442; baseline -0.001 -10"><span class='ocrx_word' id='word_1_23' title='bbox 295 401 354 432; x_wconf 85' lang='lat' dir='ltr'>Pes</span> <span class='ocrx_word' id='word_1_24' title='bbox 380 405 485 432; x_wconf 87' lang='lat' dir='ltr'>currat</span> <span class='ocrx_word' id='word_1_25' title='bbox 511 398 659 440; x_wconf 79' lang='lat' dir='ltr'>fortium3</span> <span class='ocrx_word' id='word_1_26' title='bbox 983 397 1047 429; x_wconf 93' lang='lat' dir='ltr'>Sed</span> <span class='ocrx_word' id='word_1_27' title='bbox 1074 398 1176 430; x_wconf 84' lang='lat' dir='ltr'>ventis</span> <span class='ocrx_word' id='word_1_28' title='bbox 1201 400 1355 442; x_wconf 87' lang='lat' dir='ltr'>quatitur,</span> 
     </span>
     <span class='ocr_line' id='line_1_7' title="bbox 249 445 1313 488; baseline -0.004 -8"><span class='ocrx_word' id='word_1_29' title='bbox 249 449 341 481; x_wconf 88' lang='lat' dir='ltr'>Nunc</span> <span class='ocrx_word' id='word_1_30' title='bbox 367 448 475 488; x_wconf 85' lang='lat' dir='ltr'>sponsi</span> <span class='ocrx_word' id='word_1_31' title='bbox 501 446 558 478; x_wconf 88' lang='lat' dir='ltr'>filii</span> <span class='ocrx_word' id='word_1_32' title='bbox 936 445 978 478; x_wconf 81' lang='lat' dir='ltr'>Ut</span> <span class='ocrx_word' id='word_1_33' title='bbox 1007 446 1157 477; x_wconf 89' lang='lat' dir='ltr'>mundum</span> <span class='ocrx_word' id='word_1_34' title='bbox 1185 446 1313 478; x_wconf 84' lang='lat' dir='ltr'>deserat</span> 
     </span>
     <span class='ocr_line' id='line_1_8' title="bbox 250 491 1298 535; baseline -0.004 -7"><span class='ocrx_word' id='word_1_35' title='bbox 250 496 389 528; x_wconf 80' lang='lat' dir='ltr'><strong>Palmam</strong></span> <span class='ocrx_word' id='word_1_36' title='bbox 416 495 561 535; x_wconf 80' lang='lat' dir='ltr'>martyrii</span> <span class='ocrx_word' id='word_1_37' title='bbox 934 493 977 524; x_wconf 75' lang='lat' dir='ltr'>Et</span> <span class='ocrx_word' id='word_1_38' title='bbox 1002 492 1140 525; x_wconf 85' lang='lat' dir='ltr'>fructum</span> <span class='ocrx_word' id='word_1_39' title='bbox 1167 491 1298 535; x_wconf 81' lang='lat' dir='ltr'>referat,</span> 
     </span>
     <span class='ocr_line' id='line_1_9' title="bbox 297 541 1360 582; baseline -0.003 -7"><span class='ocrx_word' id='word_1_40' title='bbox 297 544 426 575; x_wconf 91' lang='lat' dir='ltr'>Tollunt</span> <span class='ocrx_word' id='word_1_41' title='bbox 451 552 510 582; x_wconf 85' lang='lat' dir='ltr'>per</span> <span class='ocrx_word' id='word_1_42' title='bbox 535 542 686 582; x_wconf 82' lang='lat' dir='ltr'>gladium.</span> <span class='ocrx_word' id='word_1_43' title='bbox 983 541 1131 580; x_wconf 87' lang='lat' dir='ltr'>Quisquis</span> <span class='ocrx_word' id='word_1_44' title='bbox 1158 541 1360 581; x_wconf 86' lang='lat' dir='ltr'>compatitur.</span> 
     </span>
    </p>
   </div>
   <div class='ocr_carea' id='block_1_4' title="bbox 573 627 1047 952">
    <p class='ocr_par' dir='ltr' id='par_1_4' title="bbox 573 627 1047 952">
     <span class='ocr_line' id='line_1_10' title="bbox 573 627 984 668; baseline -0.002 -9"><span class='ocrx_word' id='word_1_45' title='bbox 573 630 605 662; x_wconf 86' lang='lat'>3.</span> <span class='ocrx_word' id='word_1_46' title='bbox 634 629 763 659; x_wconf 79' lang='lat' dir='ltr'>Haecne</span> <span class='ocrx_word' id='word_1_47' title='bbox 790 627 984 668; x_wconf 78' lang='lat' dir='ltr'>consideras,</span> 
     </span>
     <span class='ocr_line' id='line_1_11' title="bbox 634 674 974 715; baseline 0 -9"><span class='ocrx_word' id='word_1_48' title='bbox 634 675 783 715; x_wconf 79' lang='lat' dir='ltr'>Quisquis</span> <span class='ocrx_word' id='word_1_49' title='bbox 811 674 974 706; x_wconf 75' lang='lat' dir='ltr'>desideras</span> 
     </span>
     <span class='ocr_line' id='line_1_12' title="bbox 682 723 979 765; baseline -0.003 -11"><span class='ocrx_word' id='word_1_50' title='bbox 682 723 846 755; x_wconf 87' lang='lat' dir='ltr'>Honorum</span> <span class='ocrx_word' id='word_1_51' title='bbox 873 731 979 765; x_wconf 84' lang='lat' dir='ltr'>onera,</span> 
     </span>
     <span class='ocr_line' id='line_1_13' title="bbox 684 769 1047 802; baseline -0.003 0"><span class='ocrx_word' id='word_1_52' title='bbox 684 771 790 802; x_wconf 81' lang='lat' dir='ltr'>Lucra</span> <span class='ocrx_word' id='word_1_53' title='bbox 816 770 865 802; x_wconf 88' lang='lat' dir='ltr'>vel</span> <span class='ocrx_word' id='word_1_54' title='bbox 891 769 1047 802; x_wconf 83' lang='lat' dir='ltr'>munera?</span> 
     </span>
     <span class='ocr_line' id='line_1_14' title="bbox 635 819 959 859; baseline -0.006 -9"><span class='ocrx_word' id='word_1_55' title='bbox 635 819 696 850; x_wconf 79' lang='lat' dir='ltr'>Exi</span> <span class='ocrx_word' id='word_1_56' title='bbox 723 819 785 850; x_wconf 88' lang='lat' dir='ltr'>iam</span> <span class='ocrx_word' id='word_1_57' title='bbox 811 826 959 859; x_wconf 80' lang='lat' dir='ltr'>propere,</span> 
     </span>
     <span class='ocr_line' id='line_1_15' title="bbox 630 866 873 898; baseline -0.004 -1"><span class='ocrx_word' id='word_1_58' title='bbox 630 866 737 898; x_wconf 87' lang='lat' dir='ltr'>Exuto</span> <span class='ocrx_word' id='word_1_59' title='bbox 765 870 873 897; x_wconf 87' lang='lat' dir='ltr'>vetere</span> 
     </span>
     <span class='ocr_line' id='line_1_16' title="bbox 680 912 1004 952; baseline -0.003 -7"><span class='ocrx_word' id='word_1_60' title='bbox 680 914 792 945; x_wconf 85' lang='lat' dir='ltr'>Prima</span> <span class='ocrx_word' id='word_1_61' title='bbox 817 912 868 946; x_wconf 83' lang='lat' dir='ltr'>fac</span> <span class='ocrx_word' id='word_1_62' title='bbox 894 923 1004 952; x_wconf 86' lang='lat' dir='ltr'>opera.</span> 
     </span>
    </p>
   </div>
   <div class='ocr_carea' id='block_1_5' title="bbox 180 996 1498 1067">
    <p class='ocr_par' dir='ltr' id='par_1_5' title="bbox 180 996 1498 1067">
     <span class='ocr_line' id='line_1_17' title="bbox 259 996 1498 1028; baseline -0.002 0"><span class='ocrx_word' id='word_1_63' title='bbox 259 1001 376 1028; x_wconf 82' lang='lat' dir='ltr'>Collect.</span> <span class='ocrx_word' id='word_1_64' title='bbox 400 1009 452 1027; x_wconf 70' lang='lat' dir='ltr'>ms.</span> <span class='ocrx_word' id='word_1_65' title='bbox 474 1000 664 1027; x_wconf 64' lang='lat' dir='ltr'>Veronense?</span> <span class='ocrx_word' id='word_1_66' title='bbox 686 1008 759 1026; x_wconf 75' lang='lat' dir='ltr'>saec.</span> <span class='ocrx_word' id='word_1_67' title='bbox 787 998 830 1026; x_wconf 88' lang='grc'>14,</span> <span class='ocrx_word' id='word_1_68' title='bbox 873 998 942 1025; x_wconf 89' lang='lat' dir='ltr'>Cod.</span> <span class='ocrx_word' id='word_1_69' title='bbox 964 999 1106 1025; x_wconf 85' lang='lat' dir='ltr'>Oxonien.</span> <span class='ocrx_word' id='word_1_70' title='bbox 1125 998 1237 1026; x_wconf 85' lang='lat' dir='ltr'>Canon.</span> <span class='ocrx_word' id='word_1_71' title='bbox 1257 998 1372 1025; x_wconf 87' lang='lat' dir='ltr'>Miscel.</span> <span class='ocrx_word' id='word_1_72' title='bbox 1392 996 1438 1025; x_wconf 82' lang='lat'>95.</span> <span class='ocrx_word' id='word_1_73' title='bbox 1460 1013 1498 1018; x_wconf 93' lang='lat'><strong>—</strong></span> 
     </span>
     <span class='ocr_line' id='line_1_18' title="bbox 180 1038 804 1067; baseline -0.006 0"><span class='ocrx_word' id='word_1_74' title='bbox 180 1040 328 1067; x_wconf 82' lang='lat' dir='ltr'>Abschrift</span> <span class='ocrx_word' id='word_1_75' title='bbox 349 1048 406 1065; x_wconf 78' lang='lat' dir='ltr'>von</span> <span class='ocrx_word' id='word_1_76' title='bbox 427 1040 495 1066; x_wconf 81' lang='lat' dir='ltr'>ReV.</span> <span class='ocrx_word' id='word_1_77' title='bbox 519 1038 556 1064; x_wconf 89' lang='lat' dir='ltr'>H.</span> <span class='ocrx_word' id='word_1_78' title='bbox 578 1038 617 1064; x_wconf 89' lang='lat' dir='ltr'>M.</span> <span class='ocrx_word' id='word_1_79' title='bbox 640 1039 804 1064; x_wconf 81' lang='lat' dir='ltr'>Bannister.</span> 
     </span>
    </p>
   </div>
   <div class='ocr_carea' id='block_1_6' title="bbox 533 1157 1146 1189">
    <p class='ocr_par' dir='ltr' id='par_1_6' title="bbox 533 1157 1146 1189">
     <span class='ocr_line' id='line_1_19' title="bbox 533 1157 1146 1189; baseline -0.002 0"><span class='ocrx_word' id='word_1_80' title='bbox 533 1159 594 1189; x_wconf 83' lang='lat'><strong>331.</strong></span> <span class='ocrx_word' id='word_1_81' title='bbox 636 1160 677 1189; x_wconf 85' lang='lat' dir='ltr'>De</span> <span class='ocrx_word' id='word_1_82' title='bbox 699 1158 777 1189; x_wconf 82' lang='lat' dir='ltr'>vino</span> <span class='ocrx_word' id='word_1_83' title='bbox 799 1160 829 1189; x_wconf 85' lang='lat' dir='ltr'>et</span> <span class='ocrx_word' id='word_1_84' title='bbox 850 1158 973 1189; x_wconf 80' lang='lat' dir='ltr'>Venere</span> <span class='ocrx_word' id='word_1_85' title='bbox 996 1157 1146 1188; x_wconf 78' lang='lat' dir='ltr'>vitandis.</span> 
     </span>
    </p>
   </div>
   <div class='ocr_carea' id='block_1_7' title="bbox 198 1238 1496 1510">
    <p class='ocr_par' dir='ltr' id='par_1_7' title="bbox 198 1238 1496 1510">
     <span class='ocr_line' id='line_1_20' title="bbox 198 1238 1496 1280; baseline -0.002 -8"><span class='ocrx_word' id='word_1_86' title='bbox 198 1241 227 1272; x_wconf 88' lang='lat'>1.</span> <span class='ocrx_word' id='word_1_87' title='bbox 255 1240 313 1278; x_wconf 78' lang='lat' dir='ltr'>Qui</span> <span class='ocrx_word' id='word_1_88' title='bbox 340 1242 504 1280; x_wconf 84' lang='lat' dir='ltr'>poetarum</span> <span class='ocrx_word' id='word_1_89' title='bbox 533 1239 680 1279; x_wconf 80' lang='lat' dir='ltr'>dogmata</span> <span class='ocrx_word' id='word_1_90' title='bbox 879 1240 910 1270; x_wconf 88' lang='grc'>2.</span> <span class='ocrx_word' id='word_1_91' title='bbox 941 1238 1004 1269; x_wconf 84' lang='lat' dir='ltr'>Sed</span> <span class='ocrx_word' id='word_1_92' title='bbox 1029 1238 1171 1270; x_wconf 86' lang='lat' dir='ltr'>Bachum</span> <span class='ocrx_word' id='word_1_93' title='bbox 1198 1238 1251 1278; x_wconf 86' lang='lat' dir='ltr'>qui</span> <span class='ocrx_word' id='word_1_94' title='bbox 1278 1247 1347 1270; x_wconf 91' lang='lat' dir='ltr'>cum</span> <span class='ocrx_word' id='word_1_95' title='bbox 1369 1238 1496 1270; x_wconf 83' lang='lat' dir='ltr'>Venere</span> 
     </span>
     <span class='ocr_line' id='line_1_21' title="bbox 254 1285 1354 1326; baseline -0.001 -8"><span class='ocrx_word' id='word_1_96' title='bbox 254 1288 329 1318; x_wconf 72' lang='lat' dir='ltr'>Vult</span> <span class='ocrx_word' id='word_1_97' title='bbox 355 1287 452 1326; x_wconf 84' lang='lat' dir='ltr'>sequi,</span> <span class='ocrx_word' id='word_1_98' title='bbox 480 1290 612 1326; x_wconf 84' lang='lat' dir='ltr'>spernat</span> <span class='ocrx_word' id='word_1_99' title='bbox 639 1285 725 1323; x_wconf 80' lang='lat' dir='ltr'>vitia,</span> <span class='ocrx_word' id='word_1_100' title='bbox 940 1285 1014 1317; x_wconf 67' lang='lat' dir='ltr'>Vult</span> <span class='ocrx_word' id='word_1_101' title='bbox 1038 1285 1212 1317; x_wconf 87' lang='lat' dir='ltr'>indiscrete</span> <span class='ocrx_word' id='word_1_102' title='bbox 1238 1286 1354 1325; x_wconf 79' lang='lat' dir='ltr'>colere,</span> 
     </span>
     <span class='ocr_line' id='line_1_22' title="bbox 253 1334 1361 1374; baseline -0.001 -8"><span class='ocrx_word' id='word_1_103' title='bbox 253 1335 363 1366; x_wconf 83' lang='lat' dir='ltr'>Discat</span> <span class='ocrx_word' id='word_1_104' title='bbox 391 1334 521 1366; x_wconf 84' lang='lat' dir='ltr'>honeste</span> <span class='ocrx_word' id='word_1_105' title='bbox 546 1334 663 1374; x_wconf 85' lang='lat' dir='ltr'>vivere,</span> <span class='ocrx_word' id='word_1_106' title='bbox 941 1334 1101 1365; x_wconf 78' lang='lat' dir='ltr'>Virtutum</span> <span class='ocrx_word' id='word_1_107' title='bbox 1129 1337 1177 1365; x_wconf 87' lang='lat' dir='ltr'>est</span> <span class='ocrx_word' id='word_1_108' title='bbox 1202 1337 1361 1374; x_wconf 82' lang='lat' dir='ltr'>apostata,</span> 
     </span>
     <span class='ocr_line' id='line_1_23' title="bbox 253 1380 1382 1422; baseline -0.001 -9"><span class='ocrx_word' id='word_1_109' title='bbox 253 1382 383 1414; x_wconf 68' lang='lat' dir='ltr'>Nullum</span> <span class='ocrx_word' id='word_1_110' title='bbox 409 1391 443 1413; x_wconf 87' lang='lat' dir='ltr'>se</span> <span class='ocrx_word' id='word_1_111' title='bbox 468 1390 599 1421; x_wconf 84' lang='lat' dir='ltr'>prorsus</span> <span class='ocrx_word' id='word_1_112' title='bbox 624 1381 763 1419; x_wconf 79' lang='lat' dir='ltr'>laedere,</span> <span class='ocrx_word' id='word_1_113' title='bbox 940 1380 1034 1413; x_wconf 73' lang='lat' dir='ltr'>Unde</span> <span class='ocrx_word' id='word_1_114' title='bbox 1058 1384 1174 1413; x_wconf 83' lang='lat' dir='ltr'>sonant</span> <span class='ocrx_word' id='word_1_115' title='bbox 1198 1381 1382 1422; x_wconf 79' lang='lat' dir='ltr'>proverbia,</span> 
     </span>
     <span class='ocr_line' id='line_1_24' title="bbox 256 1428 1426 1468; baseline -0.001 -7"><span class='ocrx_word' id='word_1_116' title='bbox 256 1430 418 1468; x_wconf 77' lang='lat' dir='ltr'>Adiungat</span> <span class='ocrx_word' id='word_1_117' title='bbox 443 1438 477 1461; x_wconf 88' lang='lat' dir='ltr'>se</span> <span class='ocrx_word' id='word_1_118' title='bbox 501 1428 684 1468; x_wconf 84' lang='lat' dir='ltr'>maioribus,</span> <span class='ocrx_word' id='word_1_119' title='bbox 939 1428 1029 1466; x_wconf 82' lang='lat' dir='ltr'>Quod</span> <span class='ocrx_word' id='word_1_120' title='bbox 1055 1428 1121 1460; x_wconf 86' lang='lat' dir='ltr'>vini</span> <span class='ocrx_word' id='word_1_121' title='bbox 1147 1428 1209 1459; x_wconf 87' lang='lat' dir='ltr'>sint</span> <span class='ocrx_word' id='word_1_122' title='bbox 1237 1428 1426 1460; x_wconf 81' lang='lat' dir='ltr'>commercia</span> 
     </span>
     <span class='ocr_line' id='line_1_25' title="bbox 258 1475 1425 1510; baseline 0.001 -2"><span class='ocrx_word' id='word_1_123' title='bbox 258 1476 423 1509; x_wconf 79' lang='lat' dir='ltr'>subiectus</span> <span class='ocrx_word' id='word_1_124' title='bbox 450 1477 491 1507; x_wconf 87' lang='lat' dir='ltr'>sit</span> <span class='ocrx_word' id='word_1_125' title='bbox 518 1476 697 1507; x_wconf 79' lang='lat' dir='ltr'>virtutibus.</span> <span class='ocrx_word' id='word_1_126' title='bbox 936 1475 1102 1507; x_wconf 86' lang='lat' dir='ltr'>Honorum</span> <span class='ocrx_word' id='word_1_127' title='bbox 1129 1485 1214 1507; x_wconf 90' lang='lat' dir='ltr'>mors</span> <span class='ocrx_word' id='word_1_128' title='bbox 1240 1480 1272 1506; x_wconf 87' lang='lat' dir='ltr'>et</span> <span class='ocrx_word' id='word_1_129' title='bbox 1297 1475 1425 1510; x_wconf 79' lang='lat' dir='ltr'>femina.</span> 
     </span>
    </p>
   </div>
   <div class='ocr_carea' id='block_1_8' title="bbox 552 1551 1096 1782">
    <p class='ocr_par' dir='ltr' id='par_1_8' title="bbox 552 1551 1096 1782">
     <span class='ocr_line' id='line_1_26' title="bbox 552 1551 1070 1592; baseline -0.004 -8"><span class='ocrx_word' id='word_1_130' title='bbox 552 1554 582 1585; x_wconf 83' lang='lat'>3.</span> <span class='ocrx_word' id='word_1_131' title='bbox 610 1552 668 1590; x_wconf 72' lang='lat' dir='ltr'>Qui</span> <span class='ocrx_word' id='word_1_132' title='bbox 697 1552 772 1583; x_wconf 85' lang='lat' dir='ltr'>colit</span> <span class='ocrx_word' id='word_1_133' title='bbox 796 1551 875 1583; x_wconf 86' lang='lat' dir='ltr'>haec</span> <span class='ocrx_word' id='word_1_134' title='bbox 900 1551 1070 1592; x_wconf 84' lang='lat' dir='ltr'>intrepide,</span> 
     </span>
     <span class='ocr_line' id='line_1_27' title="bbox 606 1599 1050 1640; baseline -0.002 -9"><span class='ocrx_word' id='word_1_135' title='bbox 606 1600 707 1631; x_wconf 89' lang='lat' dir='ltr'>Deum</span> <span class='ocrx_word' id='word_1_136' title='bbox 734 1599 841 1639; x_wconf 87' lang='lat' dir='ltr'>perdit</span> <span class='ocrx_word' id='word_1_137' title='bbox 866 1600 1050 1640; x_wconf 81' lang='lat' dir='ltr'>praecipue,</span> 
     </span>
     <span class='ocr_line' id='line_1_28' title="bbox 606 1648 1089 1689; baseline -0.002 -10"><span class='ocrx_word' id='word_1_138' title='bbox 606 1649 769 1685; x_wconf 81' lang='lat' dir='ltr'>Parentes,</span> <span class='ocrx_word' id='word_1_139' title='bbox 797 1656 917 1689; x_wconf 87' lang='lat' dir='ltr'>sensus,</span> <span class='ocrx_word' id='word_1_140' title='bbox 947 1648 1089 1679; x_wconf 89' lang='lat' dir='ltr'>dominos</span> 
     </span>
     <span class='ocr_line' id='line_1_29' title="bbox 603 1695 1088 1737; baseline 0.002 -11"><span class='ocrx_word' id='word_1_141' title='bbox 603 1695 722 1737; x_wconf 79' lang='lat' dir='ltr'>Mores,</span> <span class='ocrx_word' id='word_1_142' title='bbox 748 1699 887 1726; x_wconf 80' lang='lat' dir='ltr'>mentem</span> <span class='ocrx_word' id='word_1_143' title='bbox 913 1698 945 1726; x_wconf 86' lang='lat' dir='ltr'>et</span> <span class='ocrx_word' id='word_1_144' title='bbox 969 1695 1088 1736; x_wconf 85' lang='lat' dir='ltr'>socios,</span> 
     </span>
     <span class='ocr_line' id='line_1_30' title="bbox 605 1743 1096 1782; baseline 0.002 -8"><span class='ocrx_word' id='word_1_145' title='bbox 605 1743 742 1782; x_wconf 88' lang='lat' dir='ltr'>Tempus</span> <span class='ocrx_word' id='word_1_146' title='bbox 793 1768 1096 1777; x_wconf 88' lang='lat'>......</span> 
     </span>
    </p>
   </div>
   <div class='ocr_carea' id='block_1_9' title="bbox 184 1865 1499 1938">
    <p class='ocr_par' dir='ltr' id='par_1_9' title="bbox 184 1865 1499 1938">
     <span class='ocr_line' id='line_1_31' title="bbox 260 1865 1499 1896; baseline 0.003 -4"><span class='ocrx_word' id='word_1_147' title='bbox 260 1866 381 1893; x_wconf 82' lang='lat' dir='ltr'>Collect.</span> <span class='ocrx_word' id='word_1_148' title='bbox 409 1875 462 1893; x_wconf 81' lang='lat' dir='ltr'>ms.</span> <span class='ocrx_word' id='word_1_149' title='bbox 489 1867 518 1893; x_wconf 80' lang='lat' dir='ltr'>S.</span> <span class='ocrx_word' id='word_1_150' title='bbox 544 1867 677 1894; x_wconf 84' lang='lat' dir='ltr'>Floriani</span> <span class='ocrx_word' id='word_1_151' title='bbox 708 1874 782 1893; x_wconf 82' lang='lat' dir='ltr'>saec.</span> <span class='ocrx_word' id='word_1_152' title='bbox 812 1865 856 1894; x_wconf 84' lang='lat'>13.</span> <span class='ocrx_word' id='word_1_153' title='bbox 883 1870 911 1894; x_wconf 83' lang='lat' dir='ltr'>et</span> <span class='ocrx_word' id='word_1_154' title='bbox 938 1865 981 1894; x_wconf 83' lang='lat'>14.</span> <span class='ocrx_word' id='word_1_155' title='bbox 1029 1867 1098 1895; x_wconf 81' lang='lat' dir='ltr'>cod.</span> <span class='ocrx_word' id='word_1_156' title='bbox 1124 1868 1254 1895; x_wconf 83' lang='lat' dir='ltr'>Florian.</span> <span class='ocrx_word' id='word_1_157' title='bbox 1275 1869 1319 1896; x_wconf 84' lang='lat' dir='ltr'>XI</span> <span class='ocrx_word' id='word_1_158' title='bbox 1344 1866 1409 1896; x_wconf 81' lang='lat'>587.</span> <span class='ocrx_word' id='word_1_159' title='bbox 1432 1868 1499 1896; x_wconf 84' lang='lat' dir='ltr'>add.</span> 
     </span>
     <span class='ocr_line' id='line_1_32' title="bbox 184 1903 629 1938; baseline 0 -6"><span class='ocrx_word' id='word_1_160' title='bbox 184 1913 259 1932; x_wconf 85' lang='lat' dir='ltr'>saec.</span> <span class='ocrx_word' id='word_1_161' title='bbox 285 1903 325 1932; x_wconf 87' lang='lat'>14.</span> <span class='ocrx_word' id='word_1_162' title='bbox 347 1919 383 1924; x_wconf 86' lang='lat'>--</span> <span class='ocrx_word' id='word_1_163' title='bbox 404 1903 430 1938; x_wconf 80' lang='lat'>3,</span> <span class='ocrx_word' id='word_1_164' title='bbox 453 1903 470 1931; x_wconf 87' lang='grc'>5</span> <span class='ocrx_word' id='word_1_165' title='bbox 491 1905 540 1932; x_wconf 88' lang='lat' dir='ltr'>fini</span> <span class='ocrx_word' id='word_1_166' title='bbox 562 1907 629 1932; x_wconf 84' lang='lat' dir='ltr'>sint.</span> 
     </span>
    </p>
   </div>
   <div class='ocr_carea' id='block_1_10' title="bbox 506 2025 1170 2067">
    <p class='ocr_par' dir='ltr' id='par_1_10' title="bbox 506 2025 1170 2067">
     <span class='ocr_line' id='line_1_33' title="bbox 506 2025 1170 2067; baseline 0.002 -10"><span class='ocrx_word' id='word_1_167' title='bbox 506 2026 572 2057; x_wconf 77' lang='lat'><strong>332.</strong></span> <span class='ocrx_word' id='word_1_168' title='bbox 613 2026 731 2058; x_wconf 83' lang='lat' dir='ltr'>Versus</span> <span class='ocrx_word' id='word_1_169' title='bbox 754 2026 790 2058; x_wconf 85' lang='lat' dir='ltr'>de</span> <span class='ocrx_word' id='word_1_170' title='bbox 812 2025 965 2066; x_wconf 79' lang='lat' dir='ltr'>accipitre</span> <span class='ocrx_word' id='word_1_171' title='bbox 987 2028 1019 2058; x_wconf 81' lang='lat' dir='ltr'>et</span> <span class='ocrx_word' id='word_1_172' title='bbox 1040 2035 1170 2067; x_wconf 78' lang='lat' dir='ltr'>pavone.</span> 
     </span>
    </p>
   </div>
   <div class='ocr_carea' id='block_1_11' title="bbox 201 2103 1284 2340">
    <p class='ocr_par' dir='ltr' id='par_1_11' title="bbox 201 2103 1284 2340">
     <span class='ocr_line' id='line_1_34' title="bbox 201 2103 1254 2148; baseline 0.002 -10"><span class='ocrx_word' id='word_1_173' title='bbox 201 2108 234 2140; x_wconf 84' lang='lat'>1.</span> <span class='ocrx_word' id='word_1_174' title='bbox 259 2103 339 2138; x_wconf 86' lang='lat' dir='ltr'>Avis</span> <span class='ocrx_word' id='word_1_175' title='bbox 363 2106 442 2137; x_wconf 83' lang='lat' dir='ltr'>haec</span> <span class='ocrx_word' id='word_1_176' title='bbox 466 2115 579 2146; x_wconf 83' lang='lat' dir='ltr'>magna</span> <span class='ocrx_word' id='word_1_177' title='bbox 885 2109 918 2140; x_wconf 84' lang='lat'>2.</span> <span class='ocrx_word' id='word_1_178' title='bbox 943 2104 1053 2140; x_wconf 86' lang='lat' dir='ltr'>Bonus</span> <span class='ocrx_word' id='word_1_179' title='bbox 1078 2107 1254 2148; x_wconf 83' lang='lat' dir='ltr'>plasmator</span> 
     </span>
     <span class='ocr_line' id='line_1_35' title="bbox 261 2153 1214 2198; baseline 0.002 -13"><span class='ocrx_word' id='word_1_180' title='bbox 261 2153 315 2185; x_wconf 91' lang='lat' dir='ltr'>Ad</span> <span class='ocrx_word' id='word_1_181' title='bbox 341 2156 428 2185; x_wconf 82' lang='lat' dir='ltr'>astra</span> <span class='ocrx_word' id='word_1_182' title='bbox 453 2154 555 2186; x_wconf 86' lang='lat' dir='ltr'>tendit</span> <span class='ocrx_word' id='word_1_183' title='bbox 944 2155 1031 2187; x_wconf 90' lang='lat' dir='ltr'>Bene</span> <span class='ocrx_word' id='word_1_184' title='bbox 1057 2155 1214 2198; x_wconf 86' lang='lat' dir='ltr'>laudetur,</span> 
     </span>
     <span class='ocr_line' id='line_1_36' title="bbox 261 2201 1245 2243; baseline 0.003 -11"><span class='ocrx_word' id='word_1_185' title='bbox 261 2201 347 2242; x_wconf 80' lang='lat' dir='ltr'>Alta,</span> <span class='ocrx_word' id='word_1_186' title='bbox 375 2201 525 2233; x_wconf 89' lang='lat' dir='ltr'>sublimes</span> <span class='ocrx_word' id='word_1_187' title='bbox 945 2203 1035 2235; x_wconf 90' lang='lat' dir='ltr'>Bona</span> <span class='ocrx_word' id='word_1_188' title='bbox 1056 2211 1114 2243; x_wconf 87' lang='lat' dir='ltr'>per</span> <span class='ocrx_word' id='word_1_189' title='bbox 1136 2203 1245 2235; x_wconf 89' lang='lat' dir='ltr'>orbem</span> 
     </span>
     <span class='ocr_line' id='line_1_37' title="bbox 262 2249 1220 2291; baseline 0.002 -11"><span class='ocrx_word' id='word_1_190' title='bbox 262 2251 445 2288; x_wconf 83' lang='lat' dir='ltr'>Aspergens</span> <span class='ocrx_word' id='word_1_191' title='bbox 471 2258 565 2282; x_wconf 84' lang='lat' dir='ltr'>voces</span> <span class='ocrx_word' id='word_1_192' title='bbox 945 2250 1033 2282; x_wconf 82' lang='lat' dir='ltr'>Bene</span> <span class='ocrx_word' id='word_1_193' title='bbox 1058 2249 1220 2291; x_wconf 84' lang='lat' dir='ltr'>formavit,</span> 
     </span>
     <span class='ocr_line' id='line_1_38' title="bbox 259 2297 1284 2340; baseline 0.003 -12"><span class='ocrx_word' id='word_1_194' title='bbox 259 2300 384 2336; x_wconf 84' lang='lat' dir='ltr'>Aguum</span> <span class='ocrx_word' id='word_1_195' title='bbox 411 2297 590 2337; x_wconf 85' lang='lat' dir='ltr'>conlaudat,</span> <span class='ocrx_word' id='word_1_196' title='bbox 947 2298 1035 2330; x_wconf 85' lang='lat' dir='ltr'>Bona</span> <span class='ocrx_word' id='word_1_197' title='bbox 1060 2300 1284 2340; x_wconf 86' lang='lat' dir='ltr'>percomplens</span> 
     </span>
    </p>
   </div>
   <div class='ocr_carea' id='block_1_12' title="bbox 260 2345 1200 2388">
    <p class='ocr_par' dir='ltr' id='par_1_12' title="bbox 260 2345 1200 2388">
     <span class='ocr_line' id='line_1_39' title="bbox 260 2345 1200 2388; baseline 0.002 -11"><span class='ocrx_word' id='word_1_198' title='bbox 260 2347 432 2378; x_wconf 83' lang='lat' dir='ltr'>Auctorem</span> <span class='ocrx_word' id='word_1_199' title='bbox 460 2345 591 2378; x_wconf 81' lang='lat' dir='ltr'>cunctis.</span> <span class='ocrx_word' id='word_1_200' title='bbox 945 2345 1088 2386; x_wconf 84' lang='lat' dir='ltr'>Benigne</span> <span class='ocrx_word' id='word_1_201' title='bbox 1111 2347 1200 2388; x_wconf 84' lang='lat' dir='ltr'>tegit.</span> 
     </span>
    </p>
   </div>
  </div>
 </body>
</html>
