1651 2680
641 111 877 145 -51-

239 204 318 238 Oum
344 204 460 245 quibus
486 208 534 238 est
560 215 667 248 unum,
694 216 757 239 non
782 217 874 248 unus,
901 207 960 240 sed
985 208 1073 240 Deus
1097 216 1190 248 unus,

235 252 358 286 Cuncta
384 261 508 293 creans,
535 254 674 296 salvans,
701 255 881 296 moderans,
910 256 1136 296 complensque
1161 257 1348 294 tenensque.

237 300 316 334 Cum
342 304 437 340 patre
463 310 534 334 cum
562 306 673 335 sancto
698 312 822 343 quoque
848 308 1020 344 pneumate
1045 303 1088 336 sit
1112 303 1171 335 tibi
1197 311 1316 344 perpes

235 348 360 387 Gloria,
387 349 501 389 virtus,
527 349 597 381 laus
624 355 657 382 et
682 350 794 389 honor,
821 352 870 383 vis
895 355 990 391 atque
1016 354 1171 392 potestas,

152 397 208 430 15.
235 397 422 429 Innumeras
447 397 570 438 agimus
596 398 655 430 tibi
681 401 788 438 grates
813 408 870 431 nos
897 399 1044 431 redeunti

234 445 284 476 De
310 444 463 485 tenebris,
491 445 531 477 de
556 450 668 483 morte,
696 447 830 486 perenni
857 448 897 479 de
924 448 1067 479 cruciatu

234 493 297 525 Per
322 501 450 524 carnem
476 501 595 532 veram,
623 495 663 526 de
689 503 816 534 semper
841 494 965 534 virgine
990 497 1161 535 sumptam,

232 542 320 582 Quae
346 542 492 581 genetrix
516 541 653 581 innupta
677 551 808 573 manens
833 547 865 574 et
890 543 980 581 virgo
1007 543 1115 574 dicata

234 589 343 621 Mater
367 589 496 621 alumna
521 592 628 628 potest
654 594 707 622 tua
734 590 809 631 dici,
837 599 954 630 sponsa
980 590 1085 630 beata,

151 637 207 669 20.
234 637 453 678 pigmentaria
480 637 571 675 cella,
600 639 722 677 domus,
750 638 909 670 thalamus
936 638 1075 670 deitatis.

234 685 260 718 Ο
286 684 434 716 miranda
461 685 556 716 nimis
584 685 725 725 dilecti0‚
754 684 862 718 fervor
886 686 1020 717 amoris!

233 733 411 765 Immensus
438 732 564 765 modico.
588 738 710 773 nostra,
735 734 794 765 sed
821 733 916 766 laude
943 734 1077 773 perenni

235 781 278 813 Et
304 780 531 812 celeberrimus
559 785 590 812 et
617 782 831 822 dignissimus,
860 782 965 813 omnia
992 782 1083 814 nobis

234 828 448 870 Supposuisti,
475 833 590 868 sponte
617 830 744 869 creasti,
771 839 827 861 nos
854 831 1023 871 reparasti,

151 877 207 911 25.
235 878 320 917 Quos
347 877 480 908 rationis
507 877 577 908 luce
605 878 716 915 beasti,
745 878 978 918 condecorasti,

237 925 360 958 Fecisti
381 925 501 957 similes
527 926 597 967 tibi,
625 926 723 958 caelis
749 926 970 958 associandos.

237 974 323 1012 Quos
351 974 433 1004 male
461 974 612 1013 deceptos
639 979 670 1005 et
695 975 846 1005 tartareis
873 973 1031 1013 relegatos

236 1020 379 1053 Nexibus
406 1030 444 1052 ex
470 1022 583 1053 merito
609 1022 801 1062 protoplasti
828 1031 885 1053 nos
911 1020 1093 1061 generantis

234 1071 287 1102 Ad
314 1072 345 1100 te
371 1069 511 1107 traxisti,
539 1069 598 1100 tibi
623 1069 723 1109 gratis
753 1070 922 1101 restituisti

151 1117 208 1150 30.
235 1116 350 1149 Poenis
377 1117 541 1157 corporeis
567 1118 676 1154 variis,
703 1126 782 1156 quas
807 1121 921 1157 sponte
948 1117 1077 1155 subisti,

234 1165 372 1197 Mortem
398 1166 515 1203 vicisti,
541 1166 616 1205 quia
642 1166 708 1197 vita
734 1166 813 1196 mori
842 1165 982 1198 voluisti.

236 1214 313 1245 Post
340 1213 520 1255 surrexisti,
548 1214 594 1244 sic
621 1214 726 1245 caelos
753 1214 857 1244 victor
883 1213 980 1244 adisti

236 1262 278 1294 Et
303 1262 427 1301 potiora
453 1262 556 1302 patris
585 1262 665 1294 bona
692 1266 818 1301 sumpta
845 1270 940 1293 carne
967 1261 1086 1301 petisti.

235 1310 304 1341 Nec
330 1309 505 1341 discessisti
531 1315 637 1341 tamen
664 1320 683 1342 a
708 1315 800 1349 patre
828 1319 885 1349 per
912 1310 1077 1347 deitatem,

151 1358 207 1390 35.
233 1358 382 1398 Quamvis
408 1359 441 1389 in
468 1358 563 1390 terris
590 1359 720 1390 latitans
746 1358 804 1389 sub
832 1367 928 1389 carne
955 1356 1054 1389 fuisti.

234 1405 432 1445 Sumpsimus
458 1406 581 1446 indigni
609 1407 703 1438 modo
729 1410 772 1444 te,
800 1416 859 1439 nos
886 1410 1030 1446 protege,
1058 1405 1158 1447 salva,

234 1453 380 1496 Vivifica‚
407 1451 552 1493 benedic,
579 1455 715 1495 custodi,
743 1463 782 1486 ne
808 1463 988 1494 pereamus,

233 1502 305 1534 Non
331 1502 376 1533 sis
399 1503 565 1541 iudicium,
589 1503 647 1534 sed
672 1502 768 1542 plena
794 1502 939 1534 remissio
964 1502 1069 1541 nobis,

235 1551 279 1584 Ut
304 1554 336 1581 te
362 1551 530 1582 laudantes
555 1551 615 1582 tibi
642 1551 895 1591 complaceamus
922 1551 953 1582 in
980 1559 1104 1582 aevum.

149 1599 203 1631 40.
232 1600 349 1632 Pastor
374 1608 465 1631 ovem
492 1608 603 1632 recrea
629 1599 770 1639 propriis
796 1598 978 1638 umerisque
1004 1601 1135 1639 reporta

231 1648 285 1679 Ad
311 1651 366 1679 tua
391 1652 487 1688 tecta,
514 1648 578 1680 tuis
604 1647 808 1688 congaudens
835 1647 978 1679 coetibus
1005 1647 1109 1685 almis,

230 1696 391 1728 Amissam
416 1696 567 1736 quoniam
594 1696 760 1735 dragmam
786 1697 916 1735 sapiens
940 1695 1091 1734 reperisti

234 1744 396 1784 Quamque
423 1753 535 1777 cruore
561 1748 616 1776 tuo
643 1743 800 1776 mundans
828 1744 886 1775 tibi
914 1743 1092 1774 restituisti.

88 1846 123 1876 13
154 1810 284 1855 'Colleet
311 1819 362 1837 ms.
395 1811 620 1838 Ranshoviense
650 1819 726 1838 sace.
757 1808 799 1837 12.
828 1810 901 1837 Clm.
923 1810 1078 1837 Monaceu.
1108 1807 1218 1837 12667.
1246 1809 1312 1837 add.
1341 1818 1420 1837 saec.

124 1868 131 1875 .
152 1857 192 1876 m.

595 1914 643 1945 34.
675 1912 719 1945 Ad
742 1912 908 1944 Christum.

99 1986 130 2020 1.
157 1985 183 2018 Ο
208 1985 264 2018 lux
291 1986 498 2029 sempiterna,
855 1983 915 2016 Cui
942 1987 989 2014 est
1015 1986 1158 2023 potestas

156 2033 182 2066 Ο
209 2035 296 2067 salus
321 2038 463 2077 aeterna,
856 2031 1040 2071 Sollersque
1068 2031 1228 2074 maiestas,

155 2081 298 2126 Christe,
325 2091 384 2114 rex
411 2091 582 2123 supernus,
856 2080 1018 2114 Universa
1044 2088 1152 2119 posse,

156 2131 255 2170 Quem
283 2132 375 2163 timet
400 2132 559 2170 Avernus,
856 2128 921 2161 Sub
948 2137 1080 2159 numero
1105 2136 1199 2160 nosse

157 2179 297 2212 Vocatus
322 2179 466 2218 Eleison‚
857 2176 976 2209 Stellas
1001 2175 1187 2207 nominatim

155 2228 225 2260 Rex
255 2228 406 2260 caelestis
433 2228 520 2264 Sion,
858 2224 1044 2264 Imbresque
1070 2225 1230 2265 guttatim,

156 2277 218 2317 Qui
242 2277 386 2317 imperas
411 2277 509 2308 astris
854 2274 905 2304 'su
930 2272 1052 2304 solidas
1077 2276 1200 2304 mentes

155 2325 193 2357 ln
220 2324 372 2365 supernis
399 2325 524 2361 castris„
856 2322 902 2352 Te
928 2321 960 2351 in
987 2329 1021 2351 se
1047 2319 1213 2354 habentes.

159 2392 334 2420 Orationale
362 2399 415 2418 ms.
437 2389 661 2418 Benedictiuum
683 2388 880 2423 (monialium)
900 2395 975 2413 saec.
1000 2383 1044 2414 13.
1066 2386 1137 2415 Cod.
1160 2386 1356 2416 Selestadien.
1377 2387 1425 2422 75)

79 2428 187 2466 (1168).

1201 2473 1241 2502 4*
