1651 2680
173 1188 190 1219 ἲζ)

694 77 947 112 —110—

531 174 583 206 19.
611 173 636 205 O
662 181 738 204 crux
766 172 978 212 admirabilis,

660 221 762 252 dulcis
787 224 820 252 et
844 229 988 260 amoena,

614 268 758 300 Celebris
784 267 976 310 hominibus,

661 316 793 348 caritate
819 317 923 357 plena,

617 363 678 395 Per
703 368 735 395 te
759 365 861 396 nostri
885 365 1027 396 criminis

663 410 763 443 fracta
790 416 838 443 est
863 416 984 452 catena,

615 459 655 491 Ut
683 460 842 491 salvemur
866 460 991 499 penitus

660 507 699 537 ab
725 512 854 538 aeterna
879 516 991 546 poena.

232 603 311 629 Orat.
345 611 393 627 ms.
424 601 578 628 Caeli-stin.
606 604 633 628 S.
662 602 772 628 Mariae
802 601 837 628 de
864 602 995 629 Parisius
1027 611 1101 630 saec..
1133 601 1174 629 15.
1225 602 1294 629 Cnd.
1323 602 1467 630 Mazarin.

155 639 320 670 33897160-3).
362 656 377 657 ἡ
413 642 445 671 50,
472 639 488 665 5
517 641 576 666 Nec
602 640 716 666 debent.
744 653 778 659 —
803 638 849 670 14,
878 639 896 667 4
917 645 1072 668 amatores.
1094 655 1129 659 —
1155 640 1203 673 16,
1232 640 1249 666 5
1277 640 1411 668 efficitur.

158 678 203 706 19.
225 681 241 703 Γ»
263 681 353 706 fracta
376 683 450 705 sunt.

549 773 592 802 67.
634 771 665 801 ln
688 772 923 803 Resurrectione
947 771 1073 802 Domini.

172 865 201 896 1.
231 864 351 894 Pascha
378 872 491 893 novum
519 862 678 893 celebrate

276 911 365 942 Novo
392 919 506 949 genere
532 910 721 946 carminum,

227 959 315 989 lima
340 961 429 988 vetus
457 962 641 997 expurgate,

278 1006 356 1044 Rex,
382 1006 537 1037 mediator
564 1005 734 1041 hominum,

229 1054 329 1084 Homo
356 1062 489 1092 regnare
516 1051 635 1084 fatetur

275 1102 318 1132 Te
344 1101 423 1132 lucis
449 1102 524 1131 unte
549 1100 734 1131 terminum.

198 1213 202 1217 .
231 1188 355 1226 Agrium
385 1186 502 1217 Iudaea
528 1186 661 1223 seducit,

277 1235 354 1265 Cum
381 1235 495 1273 Ioseph
513 1234 651 1264 vendunt
671 1234 783 1272 invidi,

230 1281 309 1313 Suos
333 1281 447 1320 loseph
475 1281 659 1315 introducit,

277 1334 342 1368 Quo
354 1338 512 1368 nunquam
524 1329 643 1359 intrant
654 1328 780 1367 perfidi,

229 1377 306 1408 Nam
335 1377 447 1407 stricta
474 1377 534 1412 via⁷
561 1384 640 1415 quae
668 1375 756 1406 ducit

276 1425 329 1456 Ad
355 1433 464 1454 renam
493 1424 571 1462 ayni
590 1423 735 1462 prm-idi.

854 863 885 895 3.
913 861 1029 901 Fulget
1055 870 1168 893 novum
1194 865 1430 900 testamentum,

961 909 1075 948 Ioseph
1102 909 1166 939 exit
1192 909 1232 940 de
1259 917 1399 947 earcere,

913 957 1029 996 Implet
1053 956 1198 988 Christus
1224 961 1467 998 sacramentum,

963 1008 1060 1042 Quem
1088 1004 1236 1035 mulieres
1262 1013 1381 1043 ungere

917 1052 1053 1083 Veniunt
1079 1052 1119 1082 ad
1146 1056 1381 1083 monumentum

961 1099 1035 1130 Iam
1060 1099 1140 1131 lucis
1166 1103 1235 1131 orto
1260 1100 1374 1132 sidere.

857 1188 888 1217 4.
917 1184 1042 1216 Florem
1070 1186 1174 1216 meriti
1202 1183 1357 1216 deflorant

961 1233 1142 1272 Iniquitatis
1168 1234 1299 1271 scelera,

915 1282 1035 1312 Iustum
1062 1280 1199 1320 prodere
1224 1279 1381 1319 laborant,

962 1327 1002 1359 Et
1030 1332 1075 1366 tu,
1103 1327 1222 1359 Iudaea
1248 1328 1374 1369 misera,

914 1375 1005 1408 Illum
1034 1384 1089 1406 cur
1115 1376 1227 1415 tradis,
1254 1375 1393 1407 adorant

958 1422 1057 1463 Quem
1073 1425 1171 1463 terra,
1188 1424 1320 1463 pontus,
1337 1422 1470 1455 sidera?

233 1510 353 1536 ‹tollet-t.
376 1518 418 1534 ms
443 1510 610 1535 Veronense
624 1516 698 1534 saec.
718 1507 759 1534 14.
799 1507 867 1534 Cod.
886 1509 1028 1535 oxonien.
1045 1508 1117 1535 Bodl
1143 1508 1214 1535 Cau.
1230 1508 1354 1535 Miscell.
1371 1507 1417 1535 95.
1433 1522 1469 1526 ——

158 1548 305 1575 Abs-christ
325 1556 380 1573 von
405 1548 472 1573 Rev.
498 1546 533 1571 H.
556 1547 594 1572 M.
618 1547 781 1573 Bannister.
821 1546 977 1573 Vielleicht
999 1546 1071 1573 auch
1095 1548 1209 1572 Cautio.

536 1678 580 1707 68.
622 1677 780 1708 Salutatio
801 1676 943 1716 Corporis
965 1676 1089 1707 Christi.

172 1770 202 1801 1.
229 1771 308 1802 Ave,
336 1767 394 1798 sub
423 1767 512 1807 panis
539 1769 645 1807 specie

230 1816 275 1846 Te
301 1815 481 1855 relinquens
509 1816 673 1848 ecelesiae.

231 1865 301 1896 Hoc.
326 1863 504 1894 mirandum
530 1868 762 1895 sacramentum

231 1912 331 1943 Tuum
359 1910 416 1942 fuit
442 1915 674 1943 testamentum.

856 1770 887 1800 4.
913 1767 1002 1806 Quod
1029 1768 1093 1806 ille,
1121 1768 1174 1807 qui
1200 1768 1247 1799 sic
1276 1769 1388 1810 potuit,

866 1835 871 1839 -
915 1817 964 1847 Ita
989 1814 1057 1846 fieri
1084 1815 1193 1857 voluit,

914 1863 998 1894 Hinc-
1023 1863 1104 1895 fides
1130 1869 1160 1894 et
1187 1864 1318 1895 dilectio

914 1911 1035 1943 Crescit
1062 1916 1156 1951 atque
1183 1912 1321 1945 devotio.

172 2001 203 2031 2.
234 1998 326 2029 Panis
353 1996 486 2029 formam
514 1997 680 2038 intuemur,
855 2001 885 2030 5.
915 1997 994 2030 Nam
1022 1999 1094 2029 dum
1123 1998 1162 2029 de
1187 2002 1219 2031 te
1245 2007 1302 2029 nos
1328 1999 1436 2039 satias,

233 2046 294 2077 Sed
322 2045 380 2077 sub
407 2045 517 2077 formis
543 2045 729 2076 confitemur
915 2046 1019 2079 Corde
1045 2046 1104 2078 tibi
1130 2055 1186 2077 nos
1214 2046 1327 2085 socias,

232 2094 365 2126 Carnem
392 2093 529 2125 iunctam
558 2093 680 2131 deitati,

230 2142 388 2173 Deitatem
415 2141 576 2180 parvitati.

916 2094 1049 2134 Sanguis
1075 2100 1147 2125 tuus
1172 2102 1247 2126 vere
1273 2099 1377 2133 potus,

915 2142 996 2173 Caro
1023 2146 1077 2173 tua
1102 2150 1177 2172 vere
1204 2141 1303 2173 cibus.

174 2233 204 2264 3.
234 2229 327 2261 Panis
353 2228 468 2259 transit
493 2227 681 2265 substantia,
857 2229 887 2261 6.
917 2227 986 2260 Hoc
1013 2227 1117 2260 tidelis
1143 2237 1181 2259 ac
1207 2228 1342 2260 devotus

230 2276 293 2309 Sed
320 2281 447 2308 manent
472 2276 671 2314 accidentia3
916 2276 1067 2316 percipit,
1094 2274 1279 2308 infidelibus

231 2325 257 2358 O
281 2324 427 2356 miranda
452 2324 612 2364 potentia!
916 2323 1033 2356 Calicis
1058 2323 1150 2356 huius
1175 2325 1264 2364 potio

231 2373 294 2406 Sed
321 2382 382 2404 non
408 2373 511 2404 minor
534 2376 583 2403 est
606 2371 720 2412 gratia.
916 2371 987 2403 Non
1013 2373 1110 2412 salus,
1136 2373 1193 2404 sed
1221 2373 1394 2410 damnatio,
