1651 2680
0 0 25 32 r.

683 104 823 139 —77

153 199 209 232 1¹7.
234 198 321 230 Hinc
345 201 406 238 est,
435 198 522 239 quod
547 207 618 230 cum
644 199 770 231 hexade

282 249 396 286 pentas
421 246 632 289 proximatur,

232 293 354 334 Quibus
381 293 582 326 circularitas

282 351 346 373 una
370 342 568 382 propriatur‚

233 389 317 421 Nam
342 392 486 430 utraque.
513 390 661 430 quotiens

279 437 312 469 in
338 446 409 468 sese
435 438 581 474 ducatur,

234 486 266 518 A
291 493 353 525 quo
381 485 454 517 duci
481 489 641 527 coeperat,

279 533 313 564 in
337 532 372 564 id
397 534 597 566 terminatur.

149 639 204 672 18.
230 637 390 669 Numerus
419 643 468 670 est
493 638 621 678 apicum

280 686 354 718 Iesu
381 686 558 727 circularis,

230 735 268 766 Iu
295 733 402 766 Maria
427 735 551 774 pariter

280 785 328 813 est
354 781 558 821 orbicularis,

230 829 374 862 Duorum
400 831 600 871 prosperitas

279 881 327 909 est
354 877 434 910 haec
458 879 639 918 singularis,

230 925 307 958 Cum
335 926 482 966 gignente
509 926 607 965 geniti

278 974 351 1006 Iesu
377 975 560 1014 singularis.

146 1076 200 1109 19.
229 1075 318 1107 Iesus
347 1076 453 1114 coepit
479 1075 632 1106 circulum

273 1133 293 1154 a
318 1127 411 1162 patre
437 1131 639 1163 progressus.

227 1170 458 1203 Consummans
483 1170 652 1210 periodum

273 1219 315 1251 ad
342 1223 467 1258 patrem
495 1227 669 1259 regreSSUS,

227 1265 500 1300 Consummatum
526 1266 635 1306 stipite

274 1315 347 1347 dum
375 1316 491 1347 clamat
518 1323 699 1356 perpessus,

225 1362 304 1396 Orbi
331 1363 398 1403 figit
425 1364 560 1395 limitem

271 1422 290 1444 a
316 1412 434 1444 mundo
461 1419 616 1443 recessus.

846 202 902 234 20.
930 201 1028 241 Virgo
1055 203 1160 242 coepit
1186 201 1339 234 circulum

972 258 991 281 a
1016 249 1086 281 Deo
1111 254 1232 285 creata,

924 297 1123 329 Terminavit
1148 298 1302 330 ambitum

972 345 1090 376 mundo
1117 349 1314 387 conversata,

926 392 1057 432 Peregit
1083 393 1249 425 circuitum

976 449 1046 471 cum
1073 440 1142 472 Deo
1168 442 1284 481 locata,

931 488 1095 528 Punctum,
1123 498 1142 520 a
1167 498 1229 528 quo
1254 488 1401 526 fluxerat,

977 536 1009 567 in
1036 535 1119 566 huuc
1145 536 1294 576 regirata.

848 640 904 673 21.
932 640 1041 672 Oritur
1067 643 1096 670 et
1123 640 1240 671 occidit

975 687 1022 718 sol
1049 687 1228 726 spiritualis

926 735 1082 766 Lustrans
1108 735 1140 767 in
1168 735 1313 772 circuitu,

973 783 1076 822 quivis
1103 788 1152 814 est
1178 783 1296 822 vitalis,

925 831 979 862 Ad
1006 839 1166 870 egressum
1193 831 1352 870 repedans

975 879 1108 910 dextrae
1134 879 1320 918 paternalis,

925 927 985 958 Est
1010 927 1042 958 in
1068 935 1142 958 suos
1169 927 1304 958 circulos

970 973 1070 1005 flexus
1098 979 1200 1006 motus
1228 974 1312 1007 taliS.

841 1075 896 1108 22.
925 1075 1032 1106 Hexas
1061 1075 1169 1106 iuncta
1195 1075 1339 1114 pentadi,

970 1127 1072 1154 mater
1098 1123 1206 1154 iuncta
1232 1123 1326 1162 proli.

923 1170 998 1202 Sola
1024 1171 1296 1211 coniunctissima,

969 1218 1109 1249 vicinata
1134 1219 1204 1255 soli,

918 1266 997 1297 Eius
1024 1266 1132 1298 locans
1161 1267 1289 1298 circulis

968 1323 1024 1345 rex
1052 1316 1193 1353 reginam
1221 1316 1297 1355 poli.

920 1361 1200 1394 Immediatissime

967 1415 1039 1450 post
1065 1419 1099 1441 se
1129 1411 1195 1442 vult
1222 1411 1303 1442 hanc
1330 1410 1402 1443 coli.

492 1513 548 1546 23.
576 1511 689 1551 Coepit
715 1511 788 1542 Iesu
815 1511 952 1542 circulus

625 1568 644 1591 a
670 1558 766 1590 corde
792 1563 927 1599 paterno

576 1609 637 1640 Per
663 1607 805 1639 canalem
832 1607 991 1638 transiens

623 1656 655 1686 in
679 1655 751 1687 alvo
776 1659 930 1697 materno,

573 1703 706 1744 Ereptis
731 1707 805 1742 post
829 1703 951 1735 obitum

623 1752 688 1783 suis
713 1751 754 1783 ab
780 1760 898 1784 averno

577 1800 666 1831 Finis
693 1803 742 1830 est
766 1809 837 1832 cum
863 1800 968 1840 capite

625 1847 811 1880 coniunctus
837 1851 979 1880 aeterno.

776 1982 803 2016 Ι.

162 2073 192 2106 1.
221 2072 348 2104 Primus
374 2071 448 2102 Iesu
474 2069 604 2102 nomine

270 2122 417 2152 caracter
443 2122 492 2150 est
518 2118 599 2155 lota,

221 2170 316 2210 Apex
341 2166 600 2207 simplicissimus

270 2216 464 2255 minimaque
491 2217 588 2254 nota,

221 2266 296 2299 Iesu
320 2264 368 2296 sic
393 2263 575 2296 humillima

267 2313 336 2346 vita
358 2311 420 2344 fuit
445 2315 524 2354 tota,

219 2361 348 2404 VerbiS,
375 2361 488 2401 signis,
515 2357 640 2392 actibus

268 2420 288 2443 a
313 2408 401 2442 fastu
426 2411 560 2442 semota.

859 2069 892 2100 2.
918 2068 1011 2100 Adae
1037 2068 1262 2108 praecipitium

965 2115 1082 2148 fastum
1109 2125 1178 2148 esse
1204 2117 1308 2157 scivit,

916 2164 1067 2197 Reiectus
1093 2165 1133 2196 ab
1159 2165 1256 2200 edito,

967 2212 1041 2244 dum
1068 2213 1193 2245 culmen
1219 2213 1362 2254 ambivit,

919 2260 1003 2293 Hinc
1029 2260 1118 2293 lesus
1145 2261 1340 2293 humillimus

965 2312 1066 2340 semet
1091 2308 1237 2351 inanivit,

918 2357 1026 2398 thue
1050 2356 1159 2398 lapsus
1185 2361 1341 2398 surgeret,

966 2405 1051 2437 vitae
1077 2403 1148 2438 fons
1175 2406 1286 2439 obivit.
