1651 2680
8 183 17 193 ²
0 0 54 164 &ufj-

709 117 756 122 —
805 99 874 135 295
924 120 971 124 —

588 190 655 223 268.
698 193 740 224 De
762 195 873 225 sancta
894 194 1085 234 Margareta.

188 261 220 295 1.
247 263 328 303 Ave,
357 262 438 294 caeli
463 262 615 294 redimita
881 268 912 299 2.
940 266 966 298 Ο
992 267 1108 298 victrix
1135 267 1262 306 eximia,

295 309 482 350 Margareta
505 310 626 353 laurea,
989 315 1086 354 Virgo
1115 315 1310 356 Margareta,

248 358 394 390 Pretiosa
419 359 604 400 margarita,
939 362 1008 393 Tua
1035 363 1195 394 desideria

295 406 464 438 caelibatu
490 407 594 445 nivea,
987 411 1085 443 Bonis
1111 414 1185 442 suut
1209 411 1353 451 impleta,

246 454 462 486 Tunsionibus
487 455 599 497 polita,
937 458 1066 498 Duplex
1094 463 1213 490 sertum
1240 459 1361 498 gloriae

294 502 380 542 Vita,
407 503 507 543 signis
533 503 716 543 splendida,
987 507 1067 538 Fers
1093 507 1178 538 inter
1203 507 1323 542 beatos,

246 551 283 582 In
309 559 427 582 corona
455 551 528 582 Iesu
553 552 626 592 sita,
939 554 1041 585 Grata
1068 553 1150 585 fonti
1175 555 1307 595 gratiae,

294 598 362 630 Nos
385 599 419 630 in
444 598 573 631 Christo
599 599 714 632 solida.
986 603 1054 634 Fac
1079 611 1136 633 nos
1163 603 1224 642 ipsi
1250 607 1367 642 gratos.

541 678 574 709 3.
602 677 627 709 O
654 687 727 709 rosa
754 687 812 717 per
838 679 966 710 saecula

650 726 796 758 Vernans
822 727 1027 766 sempiterna,

398 776 413 794 Χ
601 773 674 805 Tibi
702 774 770 805 sine
797 775 913 806 nebula.

649 822 751 853 Lucet
775 823 830 854 lux
857 832 1007 862 superna,

600 869 729 902 Summo
755 870 838 902 bono
865 870 992 907 frueris,

649 919 775 950 Victrix
802 923 965 956 coronata,

601 966 798 1008 Margareta,
826 967 952 1006 superis

649 1016 747 1054 Iunge
773 1024 842 1054 nos,
869 1015 973 1046 beata.

249 1080 330 1107 Orat.
351 1089 404 1107 ms.
427 1079 590 1115 Campense
612 1082 682 1107 anni
706 1079 787 1107 1462.
828 1081 898 1108 Cod.
920 1081 1136 1108 Darinstadien.
1158 1080 1221 1108 5¹21.

584 1174 649 1204 269.
694 1175 734 1204 lle
757 1176 868 1205 sancta
890 1174 1077 1214 Margarita.

186 1246 216 1278 l.
244 1245 343 1285 Virgo
368 1245 511 1286 prudens
537 1245 726 1285 Margarita,
875 1247 907 1278 2.
937 1245 1114 1278 Salvatoris
1141 1255 1203 1276 non
1230 1245 1331 1277 oblita

241 1292 470 1333 Contempsisti
497 1294 700 1333 praemunita
934 1295 1093 1333 Allegasti
1120 1294 1151 1324 vi
1180 1294 1283 1333 petita

291 1340 438 1381 Desuper
463 1342 651 1383 Olybrium;
981 1342 1092 1373 Hostis
1118 1342 1214 1381 primi
1240 1343 1378 1381 socium;

243 1389 340 1429 Signo
366 1390 470 1421 crucis
496 1390 660 1431 insignita,
935 1390 1017 1421 Mihi
1044 1399 1140 1430 prece
1169 1390 1210 1421 da
1235 1390 1358 1420 mellita

241 1438 310 1476 Quo
336 1436 426 1469 fuisti
453 1438 621 1478 deglutita,
934 1438 1006 1469 Vim
1034 1438 1161 1469 virtutis
1188 1439 1218 1469 in
1246 1438 1306 1469 hac
1332 1438 1397 1468 vita

290 1485 424 1526 Crepuit
451 1487 662 1519 daemonium.
983 1486 1102 1518 Contra
1130 1485 1261 1517 fraudes
1288 1486 1435 1517 hostium.

246 1553 326 1579 Orat.
348 1562 400 1579 ms.
425 1553 580 1588 Anglican.
602 1562 678 1580 saec.
703 1552 746 1580 13.
789 1553 859 1579 Cod.
883 1553 1048 1580 Londinen.
1070 1553 1120 1579 Ar.
1143 1551 1206 1579 ¹201.

581 1647 648 1678 270.
690 1648 731 1678 De
756 1650 866 1678 sancta
886 1647 1079 1687 Illargareta.

184 1718 213 1750 1.
242 1716 366 1757 Gaude,
392 1721 516 1758 martyr
541 1718 736 1758 Margareta.
872 1721 903 1751 2.
932 1719 1056 1757 Gaude,
1084 1719 1146 1758 pia,
1176 1728 1256 1758 quae
1284 1718 1414 1749 certasti

241 1765 329 1804 Quae
355 1765 515 1797 caelorum
542 1775 648 1807 regem
674 1767 759 1799 laeta
931 1767 973 1798 Et
1001 1767 1173 1798 draconem
1200 1766 1361 1806 superasti

287 1813 438 1845 Meruisti
464 1823 614 1856 cernere;
979 1816 1015 1846 In
1041 1815 1192 1846 umbroso
1219 1823 1366 1854 carcere3

240 1861 365 1902 Gaude,
392 1861 549 1902 praefecti
577 1863 708 1895 decreta
934 1863 1057 1895 Gaude.
1085 1864 1191 1894 lumen
1219 1863 1370 1902 recepisti

240 1910 310 1942 Nec
333 1919 396 1941 non
422 1914 652 1944 tormentorum
680 1910 763 1943 freta
932 1911 975 1943 Et
1001 1911 1167 1942 truffonem
1195 1911 1386 1950 oppressisti

288 1958 424 1990 Voluisti
450 1968 615 1999 spernere.
981 1959 1100 1991 Nolens
1127 1960 1156 1990 ei
1182 1968 1326 1999 parcere.

475 2038 507 2070 3.
535 2037 660 2077 Gaude,
687 2047 768 2077 puer
794 2038 971 2070 nuntiavit:

537 2085 684 2118 Christus
712 2086 801 2118 Iesus
825 2089 857 2118 te
885 2086 999 2117 ditavit

586 2133 652 2166 Sua
677 2134 885 2175 celsitudine3

536 2182 588 2214 Ad
616 2192 709 2222 quam
735 2192 793 2214 nos
819 2183 858 2214 de
885 2182 995 2213 mundi
1022 2180 1111 2213 faece

535 2229 703 2270 Transfer,
728 2231 827 2273 virgo,
854 2234 910 2262 tua
935 2239 1031 2270 prece

583 2279 627 2311 Et
653 2279 695 2311 da
720 2284 825 2312 tecum
853 2280 970 2311 vivere.

245 2346 366 2375 Collect.
388 2355 442 2373 ms.
456 2346 600 2373 Venetum
623 2354 699 2373 saec.
724 2344 767 2373 15.
809 2345 878 2373 Cod.
895 2346 1025 2380 Cicogna
1040 2342 1115 2371 2408
1129 2343 1234 2378 (2389),
1248 2360 1285 2364 —
1304 2344 1326 2379 l,
1348 2344 1366 2372 4
1381 2346 1492 2377 Gaude,

163 2395 248 2423 quae.
271 2399 310 2408 ——-
334 2383 365 2417 l,
395 2383 413 2412 6
435 2385 546 2420 Sponte
567 2385 699 2412 voluisti.
721 2399 757 2404 -
780 2383 813 2418 2,
839 2383 858 2412 4
879 2384 980 2412 Gaude
1002 2385 1072 2420 quia
1094 2383 1201 2411 lumen.
1224 2400 1261 2404 —-
1282 2382 1314 2416 3,
1344 2383 1359 2411 l
1382 2385 1493 2416 Gaude.

162 2425 241 2463 quod
264 2425 324 2452 tibi
346 2433 418 2460 puer
438 2425 597 2452 nuntiavit.
624 2440 659 2443 —
681 2421 708 2457 3,
730 2422 748 2451 6
769 2423 807 2451 da
829 2433 944 2460 semper
965 2427 1067 2450 tecum.
