1651 2680
710 94 967 130 -214—

551 190 582 222 3.
610 190 786 231 Propterea
810 199 886 232 rogo
910 192 974 231 pie,

608 237 654 270 Ut
679 248 729 270 me
755 247 923 271 conserves
949 239 1053 281 hodie,

607 284 653 317 Ut
677 295 739 317 non
764 295 891 326 peccem
917 287 1094 319 mortaliter

606 333 674 364 Nec
701 334 820 366 moriar
844 335 1008 373 atrociter.

605 380 669 412 Sed
695 390 753 421 per
777 385 862 414 tuam
888 382 1063 423 potentiam

606 428 656 460 Da
681 429 757 460 mihi
784 429 1011 469 paenitentiam

607 477 684 509 Cum
712 476 803 508 firma
829 478 1019 510 contritione

606 523 649 554 Et
675 533 749 556 vera
776 524 984 558 confessione.

257 618 336 645 Orat.
367 628 417 645 nis.
446 619 608 653 Campense
635 621 703 645 anui
733 617 814 645 1462.

182 662 254 691 rogo
275 658 330 692 pie.

867 618 935 646 Cod.
964 619 1186 646 Darmstadien:
1207 617 1271 646 521.
1300 632 1335 636 —
1363 616 1394 649 3,
1426 615 1439 643 1
1468 621 1495 644 te

614 759 674 789 166.
715 760 757 790 De
778 759 876 790 Beata
899 758 1000 790 Maria
1020 759 1055 789 V.

199 858 229 890 1.
256 858 363 889 Mater
389 858 500 897 dulcis,
528 868 584 890 nos
611 858 743 897 dignare

258 906 327 937 Tua
352 906 448 938 laude
474 906 660 937 confirmare

258 954 301 985 Et
328 954 444 985 virtute
471 953 639 991 roborare3

256 1001 305 1031 Ne
331 1001 361 1031 in
389 1001 505 1033 mundo
532 1002 590 1033 hoc
616 1002 775 1042 cadamus,

256 1048 302 1079 Te
327 1049 454 1080 iuvante
480 1049 661 1083 evadamus,

257 1096 355 1136 Lapsi
382 1105 439 1137 per
465 1100 495 1127 te
521 1106 732 1136 resurgamus,

198 1192 230 1224 2.
259 1192 356 1231 virgo
383 1192 484 1223 dulcis
509 1201 637 1231 parenS,

253 1240 354 1270 Tactu
381 1240 441 1270 viri
467 1247 588 1278 carens,

253 1285 338 1318 Miro
362 1287 457 1318 modo
483 1287 646 1326 peperisti.

255 1334 356 1365 Deum
385 1335 465 1365 caeli
491 1334 636 1374 genuisti,

253 1383 282 1413 A
310 1391 370 1421 quo
397 1380 481 1413 facta
506 1386 541 1412 tu
568 1381 665 1422 fuisti,

252 1429 315 1460 Per
340 1438 432 1467 quem
458 1429 546 1468 virgo
573 1429 762 1461 remansisti.

191 1525 224 1558 3.
251 1524 300 1556 Tu
325 1526 357 1556 in
384 1524 500 1556 mundo
526 1533 559 1555 es
584 1524 685 1555 electa

251 1572 295 1604 Et
320 1571 361 1603 ab
386 1572 457 1611 ipso
482 1580 516 1602 es
539 1576 694 1614 protecta,

251 1620 348 1653 Cuius
373 1625 476 1651 mater
501 1628 533 1650 es
560 1620 688 1652 dilecta.

250 1667 276 1700 O
301 1676 352 1699 res
377 1668 468 1707 mira,
495 1668 595 1698 virtus
622 1667 756 1699 Christi!

248 1715 381 1747 Illibata
405 1715 619 1755 permansisti.

882 860 914 890 4.
941 858 1058 890 Natum
1085 862 1172 889 tuum
1196 857 1402 899 praemisisti,

941 907 994 938 Ad
1021 906 1110 936 cuius
1137 905 1281 937 dextram
1307 904 1431 944 sedisti,

940 953 1074 994 Quando
1100 953 1251 985 mundum
1277 952 1445 992 reliquisti.

942 1002 990 1032 Ibi
1016 1009 1143 1040 semper
1168 1001 1340 1042 veneraris,

942 1049 1040 1088 Virgo
1066 1048 1217 1090 prudens,
1245 1054 1278 1080 et
1301 1048 1456 1081 laudaris.

905 1218 911 1224 .
939 1192 964 1224 Ο
991 1200 1083 1231 quam
1110 1192 1197 1230 pium
1223 1196 1271 1222 est
1297 1191 1430 1222 laudare

938 1239 999 1270 Dei
1025 1242 1159 1270 matrem
1185 1242 1217 1269 et
1242 1247 1358 1280 amare,

938 1287 1042 1318 Corde
1068 1290 1134 1318 toto
1160 1286 1333 1326 suspirare,

938 1335 1025 1372 Quae
1049 1334 1231 1365 laudantem
1258 1334 1399 1374 protegit

938 1381 1007 1413 Nee
1032 1381 1210 1420 plorantem
1238 1381 1385 1420 despicit,

938 1429 1003 1461 Sed
1029 1430 1120 1468 quasi
1145 1432 1246 1460 mater
1271 1429 1413 1469 respicit.

901 1551 907 1557 .
937 1525 1035 1565 Virgo
1062 1524 1124 1555 Dei
1150 1524 1305 1565 piissima,

937 1572 989 1604 Ad
1014 1579 1065 1602 me
1089 1576 1240 1603 converte
1265 1571 1389 1604 viscera

935 1620 977 1651 Et
1003 1619 1093 1658 quasi
1119 1622 1221 1650 mater
1245 1619 1320 1651 filiis

936 1668 1092 1700 Succurre
1119 1667 1240 1699 cunctis
1266 1668 1401 1699 servulis

933 1715 978 1746 Et
1004 1713 1054 1746 fer
1077 1715 1224 1747 iuvamen
1250 1715 1386 1748 miseris.

255 1811 326 1837 Orat
353 1818 405 1835 ms.
427 1812 589 1844 campense
618 1811 687 1836 anni
718 1807 797 1836 1462.
839 1809 909 1837 Cod.
931 1809 1146 1837 Darmstadieu.
1167 1808 1232 1836 5‘21.
1254 1824 1291 1829 -ν
1311 1808 1337 1840 3,
1358 1810 1377 1838 4
1397 1811 1493 1838 virtus

178 1849 251 1875 dira.
274 1863 307 1866 —
329 1846 357 1879 4,
377 1846 394 1874 2
414 1848 558 1875 resedisti.

615 1950 671 1980 167.
713 1950 754 1980 De
778 1949 875 1980 Beata
894 1950 993 1981 Maria
1015 1950 1049 1981 V.

194 2051 224 2082 1.
252 2049 407 2082 collaudo
432 2054 464 2080 te
485 2054 617 2080 matrem
644 2048 715 2087 Dei,

251 2097 363 2129 Laudo
391 2096 528 2128 fructum
555 2097 674 2128 ventris
699 2097 754 2133 tui,

250 2145 323 2176 Sint
349 2144 518 2176 benedicta
544 2145 666 2176 viscera

248 2193 293 2224 Et
319 2197 373 2224 tua
398 2197 508 2224 sancta
534 2193 641 2230 ubera,

248 2242 336 2281 Quae
361 2240 561 2272 lactaverunt
586 2241 767 2278 Dominum,

249 2288 385 2320 Aeterni
411 2288 514 2331 patris
538 2287 653 2326 filium3

249 2337 309 2378 Qui
335 2345 395 2368 non
423 2337 517 2368 habet
543 2337 665 2368 initium

251 2385 289 2417 In
316 2389 349 2416 te
375 2384 511 2424 sumpsit
537 2384 712 2417 exordium.

881 2050 911 2082 2.
939 2049 987 2081 Sit
1014 2049 1183 2082 benedicta
1209 2051 1313 2090 pietas

936 2097 979 2129 Et
1004 2097 1105 2129 virtus
1131 2101 1162 2129 et
1188 2097 1351 2130 humilitas

936 2145 979 2176 Et
1005 2149 1060 2176 tua
1085 2145 1242 2185 pudicitia

936 2194 973 2225 In
1000 2193 1130 2225 caelesti
1155 2193 1289 2226 laetitia.

935 2241 986 2272 Ex
1010 2244 1077 2272 toto
1103 2242 1202 2273 corde
1228 2246 1260 2273 et
1287 2241 1403 2282 anima,

934 2289 1044 2321 Mente
1069 2293 1102 2320 et
1128 2289 1246 2322 virtute
1271 2298 1352 2329 mea,

936 2337 1120 2369 Visceribus
1147 2339 1268 2370 ventris
1292 2338 1353 2369 mei

936 2385 1093 2418 Collaudo
1118 2389 1253 2417 matrem
1281 2385 1421 2420 Domini.
