1651 2680
709 78 942 113 -24-

184 181 215 213 3.
243 179 286 211 Et
312 178 357 211 sic
382 186 438 209 nos
464 176 510 207 tui
536 175 664 217 servuli,
867 177 899 208 4.
925 173 1007 213 Quia
1030 173 1118 205 Dens
1142 173 1344 214 omnipotens

245 226 393 267 Quamvis
419 225 516 256 simus
540 222 674 253 multum
700 221 759 262 rei,
926 220 1046 252 Factus
1070 221 1166 252 homo
1187 219 1378 259 oboediens,

245 276 381 314 Propter
406 277 437 302 te
462 271 574 303 fiamus
599 269 690 308 salvi,
929 268 991 300 Pro
1017 267 1108 299 nobis
1134 265 1206 299 fuso
1228 267 1383 306 sanguiue

245 323 380 362 Propter
406 329 483 359 quos
509 327 542 349 es
567 321 669 348 mater
695 316 768 355 Dei,
927 315 1047 346 Plexus
1073 317 1122 346 est
1146 314 1271 346 crudeli
1296 317 1412 346 morte.

511 406 541 436 5.
567 405 670 443 Quare
695 403 728 433 in
753 401 898 433 omnihus
923 409 1015 431 suum

568 452 708 490 Agamus
734 449 982 488 beneplacitum,

567 499 616 530 Ne
643 498 816 529 frustretur
841 498 907 528 eius
934 496 1044 527 mortis

566 545 721 578 Efficacia
747 545 778 575 in
805 545 906 576 nobis.

528 651 555 674 c.
593 642 651 673 De
685 644 834 673 sancto
869 639 1119 672 Benedicto.

188 711 216 742 1.
245 710 269 742 O
296 710 432 750 gloriose
459 710 595 747 domine,
870 709 901 741 3.
929 707 1000 738 Sint
1025 714 1133 738 omnes
1158 709 1299 738 rectores
1324 705 1428 737 nostri

245 758 449 790 Sanctissime
476 758 658 796 Benedicte,
929 755 1046 794 Sancti,
1074 754 1176 795 gnari,
1203 754 1258 793 pii,
1285 753 1373 791 iusti,

246 806 317 846 Cor,
346 806 443 837 verba
468 809 497 836 et
519 814 598 844 opus
624 809 765 835 nostrum
928 802 995 834 Nos
1021 802 1157 833 humiles
1183 800 1377 833 et-subiecti

242 853 309 885 Fac
334 853 402 885 Deo
427 853 672 893 beneplacitum.
927 850 1106 890 Omnesque
1132 849 1200 881 Deo
1228 849 1349 882 dilecti.

186 940 218 970 2.
245 939 317 978 Ipse
343 942 374 969 te
399 939 628 975 intercedente,
869 941 900 969 4.
929 936 971 967 Et
996 945 1079 967 nnnc
1105 935 1214 966 taliter
1240 936 1396 972 vivamus,

244 987 303 1024 Qui
330 987 397 1017 vult
423 995 530 1018 omnes
555 987 660 1017 salvos
687 994 765 1021 esse.
929 984 1008 1016 Cum
1034 984 1132 1015 vitam
1156 983 1239 1014 hanc
1261 991 1422 1022 exeamus,

243 1034 364 1065 Firmet
389 1035 498 1070 iustos,
526 1038 615 1064 sanet
642 1043 723 1066 reos.
931 1032 993 1063 Sua
1019 1030 1240 1062 misericordia

242 1083 294 1114 Ad
321 1091 354 1112 se
380 1082 486 1113 trahat
512 1086 692 1114 extraneos.
929 1079 995 1110 Nos
1021 1080 1053 1110 in
1080 1079 1160 1110 caeli
1188 1080 1282 1110 ducat
1310 1086 1420 1118 regna.

507 1165 537 1195 5.
567 1164 668 1202 Quare
693 1171 777 1194 nunc
803 1162 975 1193 clamemus
1002 1161 1043 1192 ad
1070 1165 1111 1196 te,

567 1210 642 1241 Noli
668 1219 724 1242 nos
751 1214 826 1241 tunc
852 1209 1045 1249 relinquere,

568 1258 710 1297 Festina,
739 1266 777 1288 ne
803 1257 994 1293 tardaveris,

566 1305 722 1336 Succurre
749 1304 838 1336 uobis
865 1304 1001 1336 miseris.

651 1402 682 1433 d.
723 1401 778 1431 De
812 1400 1002 1440 Angelis.

185 1469 215 1499 1.
245 1468 269 1500 Ο
298 1467 414 1498 milites
440 1467 589 1508 angelici,
872 1469 904 1500 3.
933 1468 1112 1506 Hostesque
1137 1470 1263 1498 nostros
1290 1466 1450 1505 crudeles,

242 1515 377 1547 Robusti
403 1516 549 1546 custodes
576 1516 688 1556 nostri,
932 1515 1077 1555 Carnem,
1097 1515 1249 1546 mundum
1267 1518 1299 1546 et
1318 1515 1490 1547 daemones

244 1566 271 1594 A
299 1562 391 1595 ruina
416 1563 615 1602 praeservati
932 1563 1103 1594 Vincamus
1129 1571 1255 1601 semper
1281 1561 1422 1602 fortiter,

244 1611 285 1642 Et
309 1612 341 1642 in
369 1611 451 1642 dono
477 1610 668 1651 confirmati,
931 1610 979 1641 Ne
1006 1619 1134 1641 ruamus
1160 1610 1311 1643 letaliter.

183 1697 215 1728 2.
244 1696 344 1728 Nobis
371 1705 497 1736 semper
522 1696 662 1727 assistite
871 1699 901 1728 4.
929 1696 1036 1728 Corda
1061 1700 1171 1727 nostra
1196 1700 1227 1727 et
1254 1705 1392 1736 corpora

245 1744 338 1775 Nunc
363 1744 396 1774 in
421 1745 487 1776 vita
512 1747 545 1774 et
569 1744 602 1775 in
628 1747 740 1783 morte,
930 1744 1047 1775 Vestra
1072 1748 1199 1775 servate
1224 1744 1327 1776 tutela

247 1792 289 1824 Ut
315 1791 489 1824 abiciamus
515 1792 631 1823 malum
931 1792 967 1823 In
994 1791 1062 1823 Deo
1088 1800 1215 1832 semper
1239 1793 1416 1832 tranquilla

243 1840 286 1871 Et
311 1839 512 1880 perficiamus
538 1839 665 1871 bonum.
713 1851 715 1853 ¹
931 1839 973 1871 Et
998 1840 1152 1879 proximis
1177 1841 1280 1874 utilia.

512 1924 542 1954 5.
570 1921 674 1959 Quare
700 1921 787 1952 nulla
811 1930 868 1952 nos
891 1930 1047 1961 prospera

570 1968 686 2000 Inflent
712 1977 769 1999 nec
795 1968 941 2009 frangant
970 1969 1116 2010 adversa,

571 2016 634 2047 Sed
660 2017 699 2048 ad
728 2015 829 2047 Deum
856 2021 887 2047 et
914 2016 1055 2048 homines

571 2064 688 2095 Sancte
713 2063 810 2095 simus
837 2070 1072 2098 conversantes.

543 2169 570 2192 e.
608 2160 665 2191 De
698 2159 899 2192 Omnibus
934 2159 1116 2192 Sanctis.

191 2230 219 2260 1.
246 2229 361 2261 Omnes
387 2229 500 2269 sancti,
530 2227 658 2267 dirigite
872 2229 904 2260 2.
931 2227 1045 2259 Omnia
1070 2227 1224 2260 interiora

245 2276 338 2308 Nunc
347 2284 470 2307 cursum
479 2273 593 2320 [hunc]
603 2276 832 2314 vitaenostrae,
933 2275 1052 2307 Nostra
1077 2279 1109 2307 et
1135 2276 1296 2309 exteriora

247 2325 336 2357 Sicut
359 2324 461 2355 nostis
486 2323 569 2355 velle
594 2323 707 2365 Deum⁷
933 2323 1034 2355 Deum
1060 2323 1246 2356 collaudent
1271 2326 1312 2358 de
1338 2329 1476 2370 cunctis,

247 2373 299 2405 Ad
325 2371 459 2404 salutem
485 2371 673 2404 animarum.
932 2370 1011 2402 Tam
1036 2371 1200 2411 prosperis
1218 2381 1311 2412 quam
1329 2375 1490 2408 adversis.
