1651 2680
684 100 947 135 —211—

555 195 684 228 Exaudi
709 197 772 229 iam
798 206 911 238 preces
937 198 1102 240 ecclesiae,

474 243 528 275 15.
556 243 601 276 Ut
625 253 707 284 quae
734 249 880 277 versatur
905 246 1000 278 hodie

555 291 592 322 ln
619 300 731 324 errore
756 297 821 325 tam
846 294 954 333 impie.

556 338 677 371 Sedato
704 341 875 373 schismate
901 350 997 381 prece
1024 342 1077 381 pia

555 387 614 418 Tui
643 388 686 418 sit
712 387 793 420 fides
818 389 852 420 in
878 397 925 427 ea,

555 434 627 466 Non
654 445 673 467 a
701 435 830 468 Christo
856 437 1017 476 pharisea,

470 483 525 514 20.
555 481 623 513 Sibi
650 487 742 522 grata
769 488 801 515 et
825 484 1047 524 acceptabilis.

554 530 656 571 Bella,
684 531 759 562 lites
788 535 820 563 et
845 532 980 571 proelia,

553 577 632 610 Orbi
660 583 724 610 tam
752 579 933 617 horribilia,

554 625 706 666 Pacifica,
734 627 841 658 Maria
866 627 995 659 nobilis.

226 721 306 749 Orat.
329 729 381 747 ms.
403 721 583 757 Tegurinum
608 730 682 748 saec.
707 719 750 748 15.
785 722 858 749 Clm.
881 723 1034 749 Monacen.
1060 719 1166 748 19824.
1185 737 1219 740 —
1235 722 1297 748 Fol.
1316 720 1394 748 175b
1416 730 1474 748 von

150 759 273 787 auderet
295 759 400 786 Hand:
884 766 887 769 ·

378 797 679 833 Wesselprunnenses
700 798 814 830 fratres,
837 799 886 830 ite,
909 798 1033 830 Christe,
1059 802 1221 834 precantes,

377 837 482 863 Matris
504 837 541 863 ob
563 837 667 864 merita
689 836 835 864 defunctis
857 837 898 863 sis
920 838 971 872 pia
987 838 1049 864 vita

379 875 419 901 Et
439 884 492 901 nos
516 876 651 902 viventes
673 875 728 902 tibi
751 875 856 902 devote
877 876 1054 903 famulantes

377 913 511 948 protege,
533 922 685 946 conserva,
709 923 786 940 mors
808 923 845 940 ne
867 911 946 949 [nos]
967 914 1066 941 laedat
1088 915 1202 941 acerba.

590 1035 652 1066 159.
695 1036 736 1066 De
758 1036 856 1066 Beata
877 1035 977 1065 Maria
1000 1036 1033 1065 V.

186 1127 216 1159 1.
245 1125 350 1165 Salve,
377 1129 480 1156 mater
505 1126 686 1164 salvatoris,
878 1126 909 1158 4.
938 1127 1024 1158 Vera
1050 1126 1136 1156 salus
1162 1124 1370 1166 infirmorum,

241 1172 327 1204 Fons
353 1173 474 1214 salutis,
504 1183 559 1205 vas
586 1173 725 1214 honoris,
936 1175 1103 1206 Advocata
1130 1179 1346 1213 peccatorum,

243 1221 338 1253 Scala
364 1221 455 1262 caeli,
481 1225 576 1261 porta
602 1226 632 1252 et
660 1222 721 1262 via,
936 1221 1140 1254 Afflictorum
1167 1222 1372 1259 consolatrix,

244 1269 339 1301 Salve
364 1278 500 1311 semper,
529 1279 547 1301 o
574 1269 689 1303 Maria.
936 1270 1047 1302 Dulcis
1075 1270 1146 1301 Iesu
1172 1267 1399 1312 gene[ra]triX.

186 1358 218 1389 2.
245 1356 350 1396 Salve,
378 1356 439 1387 Dei
465 1365 584 1397 sponsa
609 1357 722 1395 electa,
879 1361 909 1390 5.
938 1358 987 1389 Tu
1013 1357 1158 1388 columna
1184 1360 1293 1388 nostra
1319 1355 1422 1393 fortis,

244 1404 319 1436 Sine
344 1405 471 1436 macula
496 1409 662 1445 concepta,
938 1406 1003 1437 Nos
1030 1404 1176 1436 conforta
1200 1405 1233 1435 in
1251 1404 1329 1436 hora
1348 1404 1470 1446 mortis,

242 1452 323 1484 Tota
349 1452 484 1492 pulchra
510 1456 541 1484 et
567 1452 717 1495 formosa,
936 1453 1054 1485 Sancta
1081 1462 1208 1494 parens,
1236 1453 1325 1491 virgo
1352 1452 1415 1492 pia,

242 1499 346 1537 Salve,
374 1500 464 1541 virgo
490 1501 639 1541 gloriosa.
937 1501 1031 1533 Salve
1058 1510 1194 1540 semper,
1221 1511 1240 1532 o
1265 1500 1383 1532 Maria.

182 1588 214 1620 3.
241 1587 346 1625 Salve,
373 1596 447 1618 rosa
475 1587 543 1618 sine
569 1588 672 1627 spina,
876 1590 907 1621 6.
935 1588 1039 1629 Salve,
1070 1588 1158 1627 virgo
1184 1587 1370 1619 veneranda

240 1635 347 1667 Mater
372 1635 456 1675 regis
483 1639 514 1666 et
540 1635 660 1676 regina,
935 1639 1041 1676 Atque
1070 1645 1196 1675 semper
1221 1635 1452 1675 praedicanda,

241 1683 353 1715 Decus·
373 1683 493 1724 mundi,
520 1684 614 1715 stella
639 1685 746 1725 maris,
934 1684 1038 1726 Salve,
1067 1685 1167 1724 virgo,
1195 1683 1266 1715 fons
1293 1684 1432 1722 honoris,

240 1732 329 1763 Inter
354 1740 462 1763 omnes
489 1731 671 1772 singularis.
934 1733 1040 1765 Mater
1067 1732 1185 1764 Christi
1211 1732 1393 1763 salvatoris.

491 1819 522 1850 7.
550 1818 656 1857 Salve,
684 1819 773 1859 virgo
798 1818 981 1858 singularis,

547 1867 663 1898 Mundi
692 1866 801 1905 decus,
828 1867 922 1898 stella
946 1866 1054 1902 maris,

550 1915 613 1946 Per
638 1918 670 1945 te
697 1918 787 1954 patet
813 1915 893 1946 caeli
920 1916 989 1950 via:

547 1963 642 1994 Salve
669 1971 806 2003 semper,
834 1972 852 1994 o
879 1964 996 1996 Maria.

221 2050 265 2077 De
287 2050 390 2082 Levis,
411 2049 563 2076 Anecdota
585 2057 680 2080 sacra,
703 2058 730 2084 p.
755 2046 807 2076 109
828 2058 880 2084 sq.,
902 2049 977 2075 ohne
1000 2049 1108 2076 niihere
1130 2049 1381 2083 Quellenangabe.

586 2171 644 2202 160.
687 2171 729 2202 De
750 2171 848 2202 Beata
870 2171 970 2202 Maria
992 2171 1027 2202 V.

178 2263 210 2296 1.
235 2262 343 2301 Salve,
373 2262 470 2294 decus
497 2261 701 2302 feminarum,
875 2264 906 2295 2.
935 2262 1031 2302 Regis
1058 2271 1166 2302 regum
1193 2266 1295 2294 mater
1320 2273 1406 2303 cara,

287 2310 465 2350 Expiatrix
491 2310 665 2351 nequitiae,
983 2311 1168 2342 Errantium
1195 2312 1402 2348 consolatrix,

235 2359 410 2392 Universis
435 2359 525 2391 sidus
552 2359 685 2397 clarum,
935 2358 1060 2398 Gaude,
1086 2357 1164 2390 felix
1191 2360 1285 2391 stella
1310 2361 1409 2401 clara,

284 2407 430 2448 Regnum
461 2407 615 2440 inaurans
647 2407 778 2447 gloriae.
983 2407 1103 2439 Nostra
1128 2417 1146 2437 0
1172 2408 1370 2442 auxiliatrix.

1241 2463 1297 2492 14*
