1651 2680
233 1611 253 1642 09

765 104 998 141 -40-

614 201 665 233 Ab
690 204 826 241 utroque
850 202 978 242 spirans
1003 200 1131 244 flamen,

614 248 706 286 Mihi,
733 258 821 291 rogo,
847 249 892 281 sis
917 249 1069 290 solamen,

614 297 698 328 Dum
724 297 766 328 ad
791 296 906 328 iudicis
932 305 1066 328 examen

616 344 748 386 Venere,
776 352 816 375 ne
842 343 984 376 damner.
1033 346 1147 378 Amen.

298 437 420 464 Collect.
440 445 492 464 ms.
518 439 697 465 Voraviense
719 445 794 464 saec.
817 436 861 464 14.
883 437 953 466 Cod.
976 439 1134 466 Voravien.
1155 437 1213 466 374
1232 436 1319 472 (306).

650 606 695 635 27.
739 607 779 636 De
802 604 876 636 Vita
897 605 968 636 lesu
989 605 1114 637 christi.

263 712 293 744 1.
321 712 394 744 Iesu
419 713 555 753 Christe,
584 713 771 753 sempiterni

367 761 468 799 patris
494 761 666 799 unigenite,

318 807 406 838 Patri
432 808 726 845 consubstantialis,

363 855 541 894 coaequalis
568 856 698 894 gloriae,

315 902 362 934 Tu
390 903 430 933 de
456 904 585 933 summis
613 903 656 933 ibi
684 912 814 934 manens

363 951 521 981 advenisti
549 950 678 981 sedibus

315 998 418 1030 Unam
444 1007 618 1037 aggregare
645 1008 755 1038 vagam

362 1046 533 1084 nonagenis
561 1045 683 1077 ovibus.

256 1187 262 1193 .
290 1160 338 1191 Tu
368 1160 475 1191 divino
505 1161 573 1191 sine
599 1161 668 1191 viro

339 1213 511 1248 conceptus
538 1209 722 1247 spiramine,

291 1257 466 1287 Nuntiante
494 1256 644 1288 Gabriele

336 1308 428 1335 natus
455 1313 488 1334 es
516 1305 554 1335 de
581 1305 712 1345 virgine,

290 1354 338 1384 Ac
365 1354 390 1382 si
418 1353 533 1383 cedrus
559 1353 623 1383 alta
651 1353 743 1385 vallis

339 1400 556 1431 conformetur
583 1401 714 1440 hysopo,

290 1447 365 1479 Sine
391 1448 568 1487 quantitate
595 1458 726 1488 magnus

342 1497 447 1526 unitus
475 1497 675 1528 homunculo.

260 1635 265 1640 .
295 1610 347 1641 Sic
373 1611 550 1649 procedens
577 1613 666 1651 quasi
693 1613 781 1652 gigas

342 1659 484 1698 geminae
511 1659 708 1691 substantiae

292 1706 345 1737 Ad
373 1707 561 1738 currendam
589 1708 756 1739 exsultasti

341 1754 423 1785 viam
452 1756 560 1786 mundi
588 1755 700 1797 libere,

292 1801 450 1833 Universa
476 1808 553 1833 nutu
578 1812 690 1843 regens

340 1854 370 1880 et
399 1850 570 1889 disponens
598 1852 740 1893 proprio,

292 1897 410 1928 Locum
439 1908 500 1929 non
527 1899 712 1930 inveniebas

340 1950 432 1976 natus
460 1947 646 1978 diversorio.

260 2085 266 2092 .
294 2059 451 2099 Vagiebas
477 2060 561 2091 intra
589 2065 701 2100 saepta

338 2108 524 2146 praesaepis
550 2108 767 2147 absconditus,

293 2154 351 2186 Cui
378 2155 463 2185 cives
489 2164 699 2194 supernorum

339 2202 579 2241 adplaudebant
603 2203 754 2244 caelitus3

292 2249 368 2281 Vita
395 2249 514 2285 vivens,
542 2251 573 2281 in
600 2254 632 2282 te
657 2259 799 2290 manens,

341 2296 437 2328 verbo
463 2307 596 2336 pascens
622 2299 738 2339 omnia,

294 2344 401 2376 Laetis
427 2353 520 2384 opem
545 2346 673 2376 esuristi

340 2401 512 2432 suspensus
537 2393 579 2424 ad
605 2393 713 2426 ubera.

924 716 954 748 5.
980 714 1040 753 Qui
1067 714 1214 745 decorem
1242 722 1274 744 es
1301 712 1433 743 indutus

1031 765 1062 792 et
1087 761 1222 794 amictus
1247 761 1378 799 lumine,

983 809 1148 841 Involutus
1173 808 1302 840 iacuisti

1030 865 1207 895 pannorum
1233 855 1292 886 sub
1318 854 1468 894 tegmine,
1508 867 1515 870 -

982 904 1177 943 Angelorum
1204 903 1335 934 excitati

1030 955 1177 991 pastores
1204 950 1386 992 praeconio,

980 999 1191 1029 Transierunt
1218 998 1371 1030 admirati

1028 1046 1130 1077 Deum
1157 1046 1189 1076 in
1216 1046 1417 1086 praesaepio.

949 1164 980 1193 ὅ.
1009 1161 1061 1192 Sic
1087 1161 1170 1201 magi
1197 1161 1322 1192 stellam
1350 1161 1496 1192 videntes

1033 1210 1165 1241 orientis
1192 1209 1338 1249 partibus

985 1258 1135 1288 Venerati
1162 1262 1235 1288 sunt
1261 1257 1432 1288 lactentem

1030 1305 1174 1344 mysticis
1201 1305 1406 1346 muneribus3

979 1354 1135 1385 Innocens
1161 1363 1195 1385 es
1222 1354 1438 1395 circumcisus,

1031 1405 1066 1433 ut
1091 1401 1150 1433 sub
1177 1402 1247 1442 lege
1272 1401 1377 1440 fieres,

982 1451 1143 1489 Quatenus
1169 1460 1236 1487 nos,
1264 1450 1318 1490 qui
1345 1450 1403 1481 sub
1429 1450 1500 1490 lege

1030 1497 1158 1538 fuimus,
1185 1498 1372 1530 redimeres.

947 1639 954 1646 .
983 1614 1060 1645 Cum
1090 1613 1212 1645 duobus
1239 1613 1457 1645 columbarum

1030 1661 1128 1700 pullis
1153 1666 1209 1693 aut
1233 1661 1413 1693 turturibus

982 1709 1116 1748 Templo
1145 1710 1237 1741 datus
1263 1719 1296 1741 es
1322 1713 1474 1750 acceptus

1030 1757 1188 1789 Simeonis
1214 1758 1379 1799 manibus;

984 1806 1168 1837 Punieudus
1192 1807 1232 1837 ab
1260 1807 1390 1838 Herode

1030 1854 1141 1894 petisti
1167 1854 1347 1895 suffugium,

982 1901 1025 1933 Ut
1053 1902 1153 1933 dilata
1181 1903 1392 1934 cummularet

1029 1958 1115 1981 mors
1140 1951 1259 1982 mundo
1285 1950 1481 1992 suffragium.

946 2087 953 2094 .
981 2063 1133 2095 Generali
1161 2063 1408 2104 subrelinquens

1027 2111 1127 2151 stragi
1156 2114 1354 2154 coaetaneos,

980 2158 1170 2190 Innocentes
1196 2160 1392 2198 praemisisti

1029 2206 1152 2237 cruoris
1179 2206 1339 2246 vicarios;

979 2252 1030 2284 Ex
1056 2254 1206 2293 Aegypto
1233 2260 1401 2289 revocatus

1027 2304 1102 2342 post
1126 2301 1266 2332 Herodis
1291 2303 1415 2337 obitum

981 2347 1179 2380 Nutriendus
1205 2349 1330 2390 elegisti

1029 2395 1191 2427 Nazareth
1216 2396 1398 2434 latibulum.

1638 2611 1651 2680 ...Αί-
1645 2591 1651 2603 -
1642 2539 1651 2551 ·.
1649 2508 1651 2510 .
