1651 2680
622 113 884 147 —123—

489 225 533 255 76.
576 225 617 256 De
639 225 887 256 Annuntiatione
908 225 1014 255 B.M.v.

108 305 140 338 1.
164 303 273 336 Fortis
299 308 333 336 ut
358 313 443 336 mors
470 305 611 337 dilectio.

210 353 278 391 Qua
305 352 417 383 durum
444 352 478 384 fit
505 362 622 393 suave3

163 401 209 434 Ut
234 403 346 432 sancta
371 398 471 432 refert
497 401 603 440 lectio,

210 448 264 480 Nil
291 452 339 479 est
364 449 483 480 amanti
509 457 617 489 grave.

213 498 312 528 Amor
337 505 394 527 nos
420 497 517 528 traxit
544 506 563 528 a
588 505 659 535 vae,

163 545 247 577 Dum
275 544 315 575 de
341 544 469 576 caelesti
495 545 576 576 solio

160 592 214 624 Fit
240 591 400 624 Gabrielis
426 593 534 624 missio

211 641 247 672 In
273 639 394 680 virgnis
421 641 580 673 conclave.

210 688 236 721 Ο
263 686 351 727 felix,
378 689 491 728 iuquit⁷
518 698 586 725 ave,

163 737 198 768 In
221 740 253 767 te
278 735 333 767 fiet
359 737 534 778 conceptio,

165 784 228 816 Sed
254 793 316 815 non
342 783 475 823 pudoris
500 785 607 823 laesio,

210 832 258 864 Tu
284 836 403 863 tantum
432 833 499 864 Deo
526 831 606 864 fave.

105 930 136 962 2.
161 928 291 960 Auditis
318 928 366 959 his
392 927 554 968 obstupuit

209 977 318 1008 Puella
345 975 412 1006 Deo
438 981 527 1016 grata

162 1024 215 1065 Et,
241 1028 274 1055 ut
302 1023 449 1063 pudicam
479 1025 594 1056 decuit.

211 1072 334 1104 Silebat
359 1072 516 1114 salutata3

209 1120 258 1151 Ne
283 1119 373 1151 fieret
398 1121 537 1159 turbata,

160 1168 237 1200 Mox
262 1169 392 1208 angelus
419 1169 567 1200 retexuit.

161 1216 292 1248 Modum
318 1221 428 1256 partus
454 1217 610 1256 exposuit,

209 1265 299 1302 Quod
327 1263 409 1295 foret
435 1265 570 1296 illibata.

208 1312 275 1350 Qua
299 1312 381 1343 serie
406 1313 533 1352 prolata

162 1362 230 1392 Ara
255 1360 402 1391 caelestis
429 1361 554 1402 claruit,

161 1408 243 1440 Dum
270 1408 358 1449 virgo
385 1409 481 1440 verbo
509 1409 613 1449 paruit

206 1456 249 1488 Et
275 1457 391 1488 mansit
416 1456 647 1497 impraegnata.

103 1552 134 1584 3.
159 1552 379 1592 Archangelus
405 1554 596 1593 regreditur.

206 1601 264 1640 Qui
292 1601 376 1632 venit
404 1600 481 1633 haec
507 1610 649 1641 narrare,

158 1649 198 1680 Et
225 1649 357 1688 gravida
385 1649 576 1689 relinquitur

207 1697 316 1728 Puella
342 1697 411 1728 sine
437 1707 525 1738 pare.

206 1745 231 1778 O
259 1745 356 1776 decus
381 1745 560 1786 singulare!

161 1793 259 1833 Virgo
284 1797 387 1825 mater
412 1793 561 1833 efficitur,

161 1841 295 1874 Creator
321 1846 379 1880 est,
407 1843 460 1882 qui
487 1842 627 1882 gignitur

203 1890 245 1922 Et
272 1890 331 1921 Dei
357 1891 508 1925 salutare.

202 1939 227 1971 Ο
252 1942 364 1978 pectus
390 1940 546 1978 puellare,

157 1987 339 2019 Thesaurus
365 1987 397 2018 in
423 1993 455 2019 te
480 1988 608 2028 tegitur,

157 2036 284 2068 Virtute
310 2035 399 2068 cuius
425 2037 547 2076 regitur

206 2084 347 2121 Caelum,
375 2084 470 2116 tellus
497 2089 527 2116 et
554 2093 653 2116 mare.

791 308 824 337 4.
852 305 969 345 Magna
997 309 1069 336 sunt
1095 305 1173 338 haee
1201 306 1366 344 miracula,

900 356 988 392 Quae
1014 359 1143 385 manant
1171 363 1209 385 ex
1236 362 1362 393 amore,

851 401 979 433 Amoris
1006 401 1099 432 ardet
1126 401 1231 433 facula

899 448 967 479 Nec
994 449 1096 479 uritur
1121 450 1248 482 ardore.

897 495 946 527 De
973 495 1135 528 Gabrielis
1161 506 1216 528 ore

852 544 932 575 Dum
963 543 1051 583 virgo
1078 545 1173 575 sumit
1201 545 1344 583 verbula,

850 591 1039 623 Frondescit
1069 593 1177 623 Aaron
1204 593 1329 632 virgula

896 639 988 671 Omni
1017 648 1128 671 carens
1156 641 1297 678 humore,

898 687 942 719 Et
968 688 1070 718 vellus
1097 689 1201 719 madet
1230 697 1312 726 rore,

853 735 921 766 Nec
948 738 1066 766 terram
1094 737 1192 775 tangit
1221 736 1354 774 stillula,

854 784 931 816 Cum
961 784 1050 823 virgo
1077 784 1144 816 sine
1171 785 1293 816 [nacula

900 832 1044 862 Meretur
1070 837 1171 864 mater
1199 832 1277 864 fore.

814 956 820 962 .
848 928 934 960 Mira
960 928 1072 958 matris
1098 928 1265 968 integritas

896 977 931 1008 In
960 980 1070 1007 ventre
1097 975 1197 1007 Deum
1226 978 1322 1017 vexit,

849 1024 891 1056 Ut
919 1024 998 1054 solio
1026 1023 1176 1056 divinitas

900 1072 1081 1103 Portautem
1109 1081 1142 1103 Se
1169 1072 1319 1112 protexit,

900 1123 959 1151 Pro
987 1120 1076 1150 nobis
1104 1129 1137 1151 Se
1166 1121 1311 1159 despexit

849 1169 932 1199 Vera
960 1168 1018 1198 Dei
1046 1168 1237 1200 sublimitas.

849 1217 929 1247 Dum
958 1215 1138 1247 infirmatur
1164 1217 1295 1249 sanitas.

895 1266 981 1303 Quae
1009 1264 1086 1294 mori
1115 1274 1174 1295 nou
1203 1264 1362 1303 neglexit,

896 1312 970 1346 Sed,
998 1312 1126 1350 quando
1155 1313 1340 1344 resurrexit.

848 1360 933 1390 Vera
961 1359 1089 1399 patebat
1119 1361 1232 1391 deitas.

850 1408 889 1439 Et
918 1408 962 1438 sic
990 1408 1145 1447 probatur
1172 1409 1300 1449 cam'tas,

898 1459 966 1495 Qua
992 1456 1079 1487 Deus
1103 1466 1159 1488 nos
1187 1457 1310 1489 dilexit.

799 1557 818 1586 '.
846 1554 871 1584 Ο
900 1552 1027 1583 domina
1055 1552 1248 1589 dulcissima,

897 1600 991 1631 Vultu
1018 1600 1122 1631 nitens
1149 1601 1276 1635 decoro,

846 1649 870 1680 Ο
898 1654 1000 1679 mater
1026 1648 1283 1687 clementissima,

895 1697 991 1728 Virili
1018 1705 1130 1727 carens
1157 1698 1259 1738 thoro,

895 1745 941 1776 Te
968 1745 1133 1783 postulans
1160 1755 1270 1778 exor0.

849 1794 902 1828 Ut,
930 1802 1010 1832 quae
1038 1791 1107 1833 feci,
1137 1794 1331 1833 nequissima

848 1841 1014 1872 Pelluntur
1041 1846 1071 1871 et
1098 1842 1297 1883 turpissima,

895 1889 943 1920 Ne
971 1889 1105 1920 daemon
1131 1891 1240 1920 trahat
1267 1890 1356 1928 loro,

895 1937 1096 1975 Condonans,
1125 1938 1209 1977 quod
1237 1939 1358 1979 ignoro,

848 1986 899 2018 Ad
927 1985 1044 2025 gaudia
1071 1985 1250 2017 clarissima

848 2034 913 2066 Nos
940 2032 1091 2073 transfer,
1122 2034 1315 2073 beatissima,

897 2082 1084 2121 [jacensque
1111 2084 1189 2114 caeli
1217 2083 1324 2117 choro,

453 2183 483 2214 7.
511 2182 536 2213 O
564 2185 667 2211 mater
692 2179 892 2218 humilitatis,

560 2230 595 2260 In
622 2237 685 2268 qua
709 2228 798 2260 Deus
823 2227 1019 2263 incarnatur,

512 2276 651 2309 Pulchra
676 2278 708 2307 et
731 2275 942 2315 admirabilis,

558 2325 617 2358 Cui
642 2324 731 2356 nulla
757 2327 971 2364 comparatur,

509 2374 632 2412 Gaude,
660 2381 733 2404 nam
759 2373 822 2404 tuis
849 2371 989 2403 brachiis

558 2421 678 2454 Divina
707 2421 808 2453 virtus
834 2424 982 2461 portatur
