1651 2680
735 87 972 123 —55-

200 189 256 222 11.
283 190 363 229 Ave,
392 187 473 225 lesu,
501 184 572 216 fons
598 185 772 225 hortorum,

285 237 349 269 Cor
373 235 559 265 humectans
585 231 757 270 aridorum,

285 285 333 316 Tu
359 282 417 315 flos
444 281 548 320 campi
575 279 776 319 convallium,

287 330 479 365 Consortans
506 329 591 359 visus
617 328 769 368 gentium.

204 440 259 470 12.
287 439 366 473 Ave,
394 436 477 467 Iesu.
505 443 616 465 nomen
645 432 748 471 dulce,

283 486 388 517 Meum
416 483 507 513 triste
532 490 587 512 cor
614 480 766 522 demulce,

285 534 365 574 Ave,
392 532 476 568 Iesu,
505 538 617 561 nomen
640 528 759 566 vivum,

286 581 417 612 Habens
443 579 474 609 in
501 581 532 608 te
558 578 642 608 vitae
669 576 781 609 rivum,

204 687 259 721 13.
287 688 369 726 Iesu,
397 693 509 715 nomeu
535 682 682 718 amabile,

288 736 369 767 Prae
396 731 517 763 cunctis
546 728 762 765 memorabile,

286 782 367 813 Nam
394 780 530 811 fidenter
555 781 749 809 memoratur

288 830 330 861 Et
357 828 542 867 frequenter
567 827 744 857 invocatur.

164 922 167 925 Δ
205 930 258 962 14.
287 931 374 961 Iesus
402 928 555 966 exstirpat
584 927 659 957 vitia

284 978 327 1009 Et
353 976 484 1015 expellit
513 973 689 1009 daemonia,

286 1025 360 1063 Dat,
387 1028 491 1062 auget.
520 1022 604 1053 fovet
632 1021 775 1062 gratiam,

288 1071 454 1104 s'onfortut
481 1069 715 1102 conscientiam,

206 1175 260 1205 15.
289 1173 348 1212 Qui
375 1172 477 1202 Iesum
504 1170 555 1210 pie
582 1170 733 1210 nominat,

287 1220 397 1252 Cibum
426 1218 584 1249 salubrem
612 1218 767 1253 ruminat,

285 1270 367 1305 Ave,
395 1267 475 1307 Iesu,
505 1275 578 1297 vera
605 1266 700 1299 salus,

287 1317 383 1355 Quem
419 1315 561 1354 pavescit
588 1313 689 1345 omnis
715 1314 830 1344 malus.

204 1417 258 1449 16.
286 1417 367 1456 Ave,
395 1414 439 1445 fili
467 1414 578 1444 summi
607 1413 718 1455 patris,

285 1465 365 1505 Ave,
392 1466 485 1501 pater
510 1465 582 1493 tuae
609 1461 730 1495 matris,

284 1515 364 1549 Ave,
392 1519 483 1549 quem
511 1514 603 1548 pater
628 1509 745 1550 genuit,

285 1559 347 1591 Sed
371 1558 476 1597 genito
502 1567 564 1589 non
590 1555 741 1597 praefuit.

207 1661 259 1692 17.
289 1662 368 1698 Ave,
397 1658 482 1697 patri
509 1657 699 1697 coaequalis.

289 1709 379 1740 Inter
405 1710 495 1737 natos
522 1706 628 1737 nullus
654 1705 746 1741 talis;

286 1757 368 1795 Ave,
396 1754 481 1793 patri
507 1757 704 1792 coaeternus,

289 1804 367 1835 Cum
394 1802 437 1832 sis
463 1802 533 1841 ipse
560 1801 784 1841 sempiternus.

206 1904 262 1937 18.
289 1903 375 1935 Deus
402 1906 494 1941 pater
519 1903 688 1942 ingenitus,

290 1952 338 1983 Tu
364 1950 448 1991 patri
474 1951 664 1990 unigenitus,

291 2000 341 2031 Ex
367 2002 500 2037 utroque
526 1998 701 2038 paraclitus

288 2047 423 2078 Sanctus
450 2046 594 2085 procedit
622 2044 764 2085 spirituS.

205 2148 262 2180 19.
290 2147 361 2179 Una
388 2145 447 2176 tibi
473 2145 663 2187 substantia,

290 2195 360 2226 Nee
386 2197 435 2224 est
459 2194 492 2225 in
517 2194 578 2225 hac
604 2193 775 2232 distantia,

287 2243 368 2274 Tres
386 2245 459 2272 sunt
476 2251 582 2280 unum,
603 2241 661 2274 sed
679 2251 740 2273 non
759 2241 832 2282 tria,

290 2289 478 2323 Consimiles
504 2298 562 2329 per
587 2289 705 2322 omnia.

288 2339 337 2370 Tu
363 2337 459 2377 solus,
487 2337 558 2368 Iesu
584 2338 732 2379 Domine,

289 2386 376 2419 Deus
401 2394 494 2418 verus
521 2394 589 2417 cum
617 2385 754 2421 homine,

887 184 944 217 20.
970 185 1050 226 Ave,
1076 185 1172 218 caelis
1198 184 1356 216 excelsior

969 232 1013 264 Et
1037 233 1154 274 abysso
1181 230 1385 273 profundior,

971 281 1052 321 Ave,
1079 281 1167 312 cuius
1193 279 1327 310 scientia

971 327 1043 360 Non
1069 329 1172 360 minor
1196 336 1290 367 quam
1315 326 1471 366 potentia.

889 439 944 471 21.
973 438 1084 470 Virtus
1110 441 1164 470 tua
1190 440 1291 468 totum
1318 444 1423 475 posse,

971 486 1087 518 Sensus
1113 489 1185 516 tuus
1211 488 1311 515 totum
1337 491 1442 522 nosse,

972 533 1063 565 Nihil
1090 537 1148 571 est,
1174 531 1261 573 quod
1285 535 1318 562 te
1342 531 1453 572 lateat,

972 581 1036 620 Nil,
1064 581 1148 620 quod
1174 579 1233 611 tibi
1259 587 1321 610 non
1348 582 1471 618 pareat.

889 692 944 724 22.
971 692 1050 732 Ave,
1079 691 1179 729 Iesus,
1207 688 1307 720 bonus
1333 697 1444 731 agnus,

971 739 1068 770 Malis
1094 747 1169 769 vero
1195 737 1245 768 leo
1271 745 1414 776 magnus,

973 787 1055 825 Ave,
1083 787 1164 827 Iesu,
1194 784 1257 815 dux
1285 784 1316 815 in
1343 784 1403 826 via,

974 834 1179 865 Introductor
1204 832 1236 862 in
1263 831 1406 872 propria,

973 882 1054 912 Nam
1081 882 1230 912 seductor
1257 879 1307 910 liic
1332 879 1472 918 seduxit,

971 930 1068 967 Quem
1097 930 1160 960 dux
1186 929 1247 959 iste
1270 936 1331 958 non
1350 926 1519 961 conduxit.

889 1041 942 1072 23.
972 1040 1051 1078 Ave,
1079 1039 1149 1069 sitis
1175 1038 1276 1070 bonae
1303 1038 1405 1081 dator,

973 1087 1051 1119 Sitis
1077 1087 1179 1118 malae
1204 1085 1248 1117 sis
1273 1086 1421 1127 sedator,

972 1136 1053 1173 Ave,
1080 1143 1212 1174 serpens
1238 1133 1320 1165 fixus
1346 1134 1430 1176 palo,

973 1183 1033 1220 Qui
1059 1183 1182 1213 resistis
1208 1182 1292 1213 omni
1318 1182 1413 1223 malo,

975 1230 1057 1261 Sana
1085 1240 1141 1261 nos
1168 1240 1187 1262 a
1213 1230 1425 1272 serpentibus,

975 1278 1040 1309 Nos
1075 1282 1139 1309 tam
1165 1286 1261 1317 saepe
1287 1278 1520 1310 mordentibus,

890 1390 944 1421 24.
975 1389 1054 1428 Ave,
1083 1389 1220 1419 dilectae
1246 1388 1392 1427 lectulus,

972 1438 1052 1477 Ave,
1081 1445 1207 1468 murrae
1236 1435 1421 1477 fasciculus,

975 1488 1055 1524 Ave,
1082 1494 1189 1516 murra
1215 1484 1410 1516 mortificans

973 1533 1108 1564 Carnem
1135 1538 1165 1564 et
1193 1541 1248 1563 cor
1273 1532 1448 1567 vivificans

891 1645 949 1675 25.
976 1643 1108 1674 Murrae
1132 1642 1338 1675 mortificatio

976 1691 1034 1722 Est
1061 1691 1143 1731 iugis
1170 1691 1352 1723 recordatio

976 1738 1063 1769 Tuae
1088 1744 1218 1771 sanctae
1244 1739 1413 1778 passionis,

977 1786 1115 1818 Nostrae
1140 1796 1258 1827 pravae
1285 1787 1431 1820 actionis,

892 1898 946 1930 26.
974 1899 1054 1934 Ave,
1082 1907 1134 1929 ros
1161 1901 1297 1929 mentem
1325 1902 1521 1939 temperanS,

977 1945 1088 1977 Carnis
1114 1951 1234 1978 aestum
1263 1945 1471 1987 refrigerans,

978 1993 1060 2024 Mihi
1086 1994 1129 2024 sis
1156 1992 1360 2034 refrigeratio

976 2042 1003 2072 A
1030 2051 1130 2081 pravo
1157 2041 1330 2075 desiderio.

893 2148 949 2181 27.
975 2148 1056 2186 Ave,
1084 2149 1168 2186 Iesu,
1196 2147 1246 2178 cui
1274 2148 1376 2181 debeo

976 2195 1077 2227 Omne
1100 2195 1229 2234 bonum,
1257 2196 1342 2236 quod
1368 2197 1483 2238 habeo,

980 2244 1062 2275 Nam
1087 2243 1168 2275 nihil
1193 2248 1267 2275 sunt
1292 2253 1364 2276 mea.
1389 2245 1474 2278 bona

979 2291 1050 2322 Nisi
1075 2295 1131 2323 tua
1155 2300 1237 2331 pura
1265 2292 1359 2331 dona,

980 2339 1028 2370 Tu
1053 2343 1154 2371 totum
1179 2339 1257 2371 mihi
1283 2341 1400 2373 tribuis

979 2386 1023 2418 Et
1047 2387 1127 2419 nihil
1152 2387 1212 2419 tibi
1235 2388 1363 2422 minuis.
