1651 2680
687 58 922 94 —76-

189 157 220 190 7.
247 157 331 188 Hinc
357 157 398 188 ad
425 162 550 196 patrem
577 156 694 188 caritas

162 1559 215 1591 10.

162 2021 216 2056 11.

295 204 399 236 fervet
424 203 560 242 infinita,

246 253 340 284 Mens
367 255 417 283 eat
442 252 483 283 ad
509 251 687 290 proximum

292 299 467 338 flagranter
491 299 602 339 ignita,

247 349 310 380 Pro
335 357 398 387 quo
425 350 526 378 morte
553 347 660 379 saucio

294 396 374 427 mori
400 396 509 427 valens
534 395 610 433 vita,

246 444 361 483 Quanti
386 444 507 483 pendat
534 444 694 483 miserum,

296 491 515 531 comprobavit
540 491 596 523 ita.

247 625 442 657 Seminecem
469 626 608 656 saucium

293 673 346 705 hic
372 673 590 705 Samaritanus

246 721 352 752 Morte
379 724 469 752 curat
496 721 637 760 propria,

295 769 393 800 donec
420 768 477 800 fiat
503 777 619 809 sanu53

245 816 359 848 Pastor
386 818 451 848 vita
475 817 620 855 moritur,

293 872 352 896 nec
378 868 467 895 curat
494 873 672 906 germanus,

243 912 347 944 Homo
374 912 433 943 hoc
459 921 517 951 per
544 911 666 944 facinus

293 959 327 991 fit
356 959 455 991 hostis
482 959 644 999 profanus.

248 1095 349 1125 Amor
374 1093 476 1125 fertur
502 1095 656 1124 maximus

297 1143 342 1173 sic
368 1151 477 1173 amans
504 1143 650 1180 amicum,

249 1190 313 1222 Sed
340 1195 387 1221 est
413 1190 513 1221 maior
538 1191 650 1227 amico,

295 1237 348 1277 qui
374 1238 419 1268 sic
446 1237 607 1268 inimicum

245 1285 352 1325 Amat,
380 1285 464 1324 quod
491 1285 697 1324 amplectitur

294 1333 415 1364 hostem
444 1336 507 1363 tam
534 1333 685 1374 iniquum,

246 1380 308 1412 Sed
336 1385 432 1421 amat,
459 1384 493 1411 ut
520 1379 657 1411 fertilem

293 1427 409 1459 reddat
436 1428 637 1468 capessitum.

241 1558 383 1591 Caritate
409 1558 547 1589 maxima

293 1605 411 1637 ferbuit
438 1605 561 1645 maiori,

244 1654 342 1693 Quam
371 1657 459 1685 curat
485 1653 672 1692 impendere

291 1710 425 1740 nequam
451 1700 629 1741 impostori,

244 1748 307 1781 Dat
333 1749 581 1781 cumulatissimo

292 1798 448 1829 cumulum
476 1797 587 1833 amori,

244 1844 309 1877 Pro
333 1845 586 1885 periuratissimo

292 1893 426 1933 dignans
453 1893 543 1924 hoste
568 1892 658 1926 mori.

243 2021 359 2060 Dyade
385 2022 606 2053 numismatum

291 2072 381 2101 curat
408 2069 653 2111 substantivum,

244 2117 411 2150 Passivum
438 2118 672 2157 corpusculum,

293 2165 372 2196 dans
398 2174 453 2197 cor
479 2165 730 2206 compassivum;

244 2212 388 2253 Stabulo,
414 2213 560 2253 patibulo

291 2260 398 2292 binum
426 2259 510 2292 fudit
533 2261 647 2301 rivum,

242 2308 394 2342 Dativum
422 2309 566 2347 remedii,

292 2357 403 2388 mortis
429 2356 614 2391 ablativum.

851 157 906 191 12.

853 626 905 658 13.

854 1094 907 1127 14.

850 1558 904 1591 15.

849 2021 905 2055 16.

935 155 1026 199 Vino,
1054 155 1139 189 botri
1165 156 1328 198 sauguine,

981 213 1076 236 cruor
1099 204 1256 245 figuratur

933 252 1070 292 Lateris,
1097 261 1157 292 per
1181 253 1283 284 oleum

981 300 1069 332 latex
1095 299 1298 341 designatur,

934 348 998 381 Per
1022 347 1103 380 illud
1130 348 1310 387 redemptio

982 395 1099 427 mundo
1124 396 1328 436 propinatur,

935 444 998 476 Per
1022 443 1107 475 istud
1133 443 1264 483 originis

981 500 1110 523 amurca
1134 494 1300 530 purgatur.

934 625 1077 657 Pentade
1103 629 1300 657 caracterum

979 681 1092 705 nomeu
1121 673 1306 715 calculatur,

933 720 1057 753 Mariae
1083 724 1130 752 tot
1154 720 1272 752 litteris

982 777 1096 800 nomen
1122 769 1337 808 consignatur,

934 817 997 848 Per
1022 816 1106 857 quod
1133 815 1334 848 circularitas

983 864 1131 896 miranda
1156 864 1321 904 probatur,

934 912 1003 951 Qua
1028 912 1139 943 matris
1164 909 1320 950 perfectio

983 959 1146 1000 prolisque
1175 959 1313 992 dotatur.

936 1093 1108 1126 Circularis
1136 1102 1284 1125 numerus

983 1145 1096 1181 pentas
1122 1141 1320 1184 perhibetur,

932 1189 970 1221 In
997 1198 1030 1219 se
1057 1188 1153 1220 ducta
1176 1189 1318 1228 pentade

982 1237 1008 1267 si
1035 1236 1276 1276 multiplicetur,

935 1284 1025 1316 Finis
1052 1293 1123 1315 cum
1149 1284 1310 1323 principio

983 1332 1155 1363 conformis
1182 1333 1320 1372 videtur,

934 1379 1151 1419 Gignentique
1176 1380 1284 1420 genita

983 1428 1095 1458 similis
1123 1432 1281 1461 censetur.

931 1557 1026 1591 Unde
1051 1558 1190 1598 quinque
1216 1557 1382 1598 quinquies

979 1611 1053 1637 sunt
1079 1606 1192 1646 vigena
1218 1605 1326 1646 quina,

932 1653 1143 1685 Numerorum
1168 1653 1274 1692 portio

979 1701 1110 1743 dempta
1135 1711 1195 1741 par
1221 1703 1268 1732 est
1294 1701 1381 1742 bina,

930 1748 1051 1788 Quibus
1076 1749 1165 1781 istud
1190 1749 1310 1781 indidit

980 1797 1093 1837 sophia
1120 1797 1240 1838 divina,

931 1844 985 1877 Sic
1010 1855 1070 1885 pro
1095 1853 1190 1886 posse
1215 1845 1329 1877 similis

979 1897 1025 1924 est
1052 1894 1120 1933 regi
1147 1893 1265 1933 regina.

929 2021 1039 2054 Hexas
1063 2022 1135 2054 sola
1158 2022 1294 2062 pentadi

977 2070 1024 2101 sic
1046 2070 1254 2110 assimilatur,

929 2118 1022 2158 Quod
1046 2119 1149 2157 liquet
1171 2117 1206 2149 in
1231 2118 1356 2156 eadem,

978 2165 1077 2198 hexas
1103 2166 1130 2197 si
1157 2166 1294 2199 ducatur

931 2213 969 2246 In
993 2214 1041 2255 id,
1067 2222 1105 2245 ex
1132 2223 1194 2254 quo
1220 2214 1370 2255 gignitur,

980 2270 1102 2293 summa
1127 2263 1329 2302 terminatur,

933 2308 1108 2342 circularis
1135 2310 1241 2350 itaque

980 2360 1116 2398 utraque
1142 2357 1307 2398 probatur.
