1651 2680
721 109 980 144 —367—

200 202 232 234 5.
260 201 369 234 Poena
394 205 510 242 patens
535 207 584 235 est
609 205 751 244 peccati:

259 250 416 282 Premunt
439 259 497 282 uos
523 252 731 292 praeputiati,

267 297 392 329 Vultum
420 297 512 329 vituli
539 298 667 330 conflati

305 344 408 376 Levat
434 345 644 386 circumcisio,

305 392 349 424 Et
373 393 492 432 regalis
517 395 626 426 unctio

258 440 365 472 Servit
389 438 536 474 falsitati.

263 525 385 554 Collect.
414 534 466 552 ms.
489 526 659 554 Veronense
685 536 760 555 saec.
785 527 828 556 14.
868 530 938 557 Cod.
961 532 1105 559 Oxonieu.
1127 531 1236 558 Canon.
1260 532 1381 559 miscell.
1402 531 1447 559 95.
1470 549 1505 552 —

180 563 331 592 Abschrift
350 573 409 591 von
430 565 504 592 Rev.
526 565 563 591 H.
587 566 626 592 M.
650 566 817 594 Bannister.

890 209 922 241 6.
949 207 983 239 Si
1010 209 1057 240 vis
1085 218 1196 249 regno,
1222 218 1290 252 rex,
1316 218 1460 250 regnare,

951 256 1068 295 spreto
1094 258 1183 289 lucro
1207 261 1239 288 te
1264 258 1406 296 lucrare,

948 304 1056 336 Pretio
1081 306 1154 344 plus
1180 305 1321 344 pretiare

999 351 1112 384 Temet
1138 352 1258 384 Christi
1285 353 1434 393 pretium,

999 400 1059 439 Qui
1086 400 1141 432 dat
1166 400 1231 430 suis
1258 400 1431 439 praemium

952 446 1113 478 Summum
1139 447 1290 479 salutare.

668 678 736 709 324.
779 680 821 710 De
843 680 1017 712 Iniustitia.

194 767 224 801 1.
252 766 339 799 Vaeh
366 766 467 807 vobis,
496 767 695 807 hypocritae,

298 814 356 846 filii
381 816 544 857 maeroris,

250 863 361 902 Qualis
386 864 519 903 quisque
547 864 656 898 lateat,

296 911 359 943 iam
383 916 519 952 apparet
547 911 636 953 foris,

248 959 308 998 Qui
329 959 384 991 lux
411 968 481 991 esse
510 959 621 991 debuit

298 1008 381 1039 vitae
406 1008 559 1046 melioris,

248 1057 310 1088 Per
335 1056 517 1095 exemplum
545 1055 648 1087 factus
675 1060 723 1087 est

294 1104 426 1144 laqueus
452 1105 594 1136 tortoris.

184 1202 214 1233 2.
243 1201 343 1240 Vaeh,
369 1201 423 1241 qui
448 1210 545 1241 super
572 1201 759 1233 cathedram

291 1249 398 1289 Moysi
424 1249 554 1287 sedetis,

243 1297 312 1329 Lex
338 1307 357 1329 a
383 1297 472 1329 vobis
499 1298 625 1337 legitur.

291 1355 386 1385 quam
412 1356 474 1377 non
501 1344 669 1386 confitens,

241 1393 320 1425 Eius
346 1395 377 1426 in
405 1395 542 1426 ecclesia

291 1443 428 1482 speciem
456 1443 582 1482 tenetis,

242 1489 338 1522 Cuius
364 1491 476 1530 procul
505 1490 602 1522 dubio

289 1539 386 1570 vitam
413 1548 475 1571 non
501 1538 638 1571 habetis.

183 1633 214 1665 3.
241 1631 340 1670 Vaeh‚
369 1632 420 1672 qui
448 1631 600 1662 mundum
627 1631 752 1664 iudicas

286 1680 345 1712 sub
369 1681 505 1712 humano
533 1679 595 1719 die,

240 1727 304 1760 Sub
331 1733 362 1760 te
389 1738 495 1768 pugna
521 1727 664 1767 graviter

286 1777 394 1809 David
421 1781 452 1808 et
479 1776 602 1814 Goliae‚

240 1825 316 1857 Post
343 1826 427 1856 vitae
453 1824 643 1866 periculum,

287 1878 361 1915 post
387 1874 514 1906 labores
542 1873 612 1903 viae

234 1922 328 1954 Nosti
356 1923 434 1954 dare
460 1921 586 1953 miseris

285 1971 411 2002 litteras
438 1971 549 2004 Uriae.

176 2064 210 2096 4.
237 2063 338 2100 Vaeh,
365 2063 419 2103 qui
445 2063 537 2094 bonis
564 2062 727 2094 hominum

285 2110 375 2143 faves
401 2114 434 2142 et
459 2111 607 2152 personis

235 2159 278 2191 Et
304 2159 346 2191 ad
372 2167 466 2191 voces
491 2167 670 2199 pauperum

283 2215 392 2239 aurem
419 2217 482 2239 non
508 2206 656 2247 adponis,

236 2256 298 2288 Hic
324 2255 489 2297 ecclipsim
515 2254 639 2295 patitur

283 2305 389 2335 lumen
415 2303 560 2342 rationis,

234 2353 298 2386 Ubi
326 2361 423 2384 causa
447 2351 571 2392 geritur

282 2399 433 2441 precibus
460 2402 492 2431 et
518 2399 621 2431 donis.

885 773 916 803 5.
946 771 1043 813 Vaeh,
1071 773 1122 812 qui
1149 781 1207 810 pro
1234 772 1417 803 muneribus

992 824 1095 851 mutas
1121 822 1238 850 statum
1264 821 1392 857 mentis,

944 867 1048 906 Super
1075 877 1185 899 causas
1211 868 1334 907 positus

991 916 1158 947 universae
1185 916 1297 954 gentis,

945 963 1021 994 Cum
1049 965 1090 995 ad
1118 963 1201 993 dona
1228 964 1368 994 curritur

990 1011 1136 1042 manibus
1163 1011 1311 1048 extentis,

941 1060 1045 1091 Causa
1070 1059 1198 1098 quidem
1226 1060 1382 1098 premitur

989 1107 1033 1137 rei
1062 1107 1111 1138 vel
1139 1107 1272 1145 agentis

878 1204 909 1236 6.
937 1203 1037 1239 Ῡῑιεὶι,
1067 1204 1119 1242 qui
1148 1212 1205 1241 pro
1232 1202 1406 1233 sceleribus

984 1251 1116 1290 impium
1144 1260 1206 1281 non
1234 1249 1312 1282 feris

935 1299 977 1331 Et
1006 1309 1075 1330 cum
1103 1299 1312 1339 pereuntibus

983 1356 1042 1387 per
1067 1355 1255 1380 consensum
1283 1347 1379 1387 peris,

935 1396 1014 1429 Cum
1040 1396 1190 1427 offensam
1219 1395 1400 1435 principum

983 1448 1114 1485 tangere
1142 1443 1272 1479 vereris,

934 1493 1052 1532 Turpis
1079 1491 1160 1523 lucri
1188 1491 1323 1531 gratiam

983 1550 1042 1580 pro
1068 1540 1218 1572 mercede
1242 1540 1381 1579 quaeris,

875 1633 906 1665 7.
935 1633 1034 1672 Vaeh,
1063 1633 1116 1673 qui
1143 1632 1225 1663 male
1251 1632 1371 1671 spolias

981 1681 1138 1713 Graecum
1166 1684 1195 1711 et
1225 1680 1384 1721 Latinum,

935 1729 979 1762 Ut
1004 1729 1036 1760 in
1063 1738 1140 1761 auro
1168 1728 1299 1759 studeas

982 1785 1136 1809 coronare
1163 1777 1280 1818 vinum,

933 1825 1005 1856 Non
1032 1825 1077 1856 sic
1105 1824 1251 1857 Christus
1278 1824 1391 1855 habuit

978 1873 1109 1905 Pondus
1136 1873 1316 1903 netasinum

933 1921 1051 1952 Panem
1080 1929 1149 1952 cum
1177 1920 1343 1960 discipulis

981 1969 1110 2000 mittens
1138 1968 1168 1999 in
1197 1969 1348 2000 catinum.

873 2061 904 2093 8.
933 2060 1105 2091 Veniamus
1132 2059 1228 2099 igitur

979 2108 1021 2139 ad
1046 2116 1164 2148 agones
1190 2107 1321 2145 Christi,

930 2156 990 2194 Qui
1015 2165 1075 2195 pro
1100 2154 1192 2187 nobis
1219 2156 1320 2187 voluit

978 2203 1018 2235 ab
1045 2203 1187 2235 tribunal
1213 2203 1295 2238 sisti,

929 2251 1050 2291 Quodsi
1077 2252 1158 2283 bene
1183 2252 1327 2284 novimus

977 2309 1056 2340 opus
1082 2299 1288 2342 Antichristi,

924 2347 997 2379 Nou
1022 2347 1065 2380 ad
1091 2347 1251 2380 Christum
1280 2349 1444 2388 pertinent

974 2396 1162 2428 seductores
1191 2397 1255 2428 isti.
