1651 2680
103 163 159 198 65.

103 496 161 529 66.

102 731 158 764 67.

101 967 155 1001 68.

97 1204 152 1237 69.

97 1439 152 1474 70.

95 1773 150 1806 71.

95 2005 154 2039 72.

95 2239 150 2273 73.

649 89 695 95 -
744 70 792 107 59
838 90 880 96 .-

802 168 855 202 74.

188 163 234 196 Ut
263 163 415 197 miserum
441 166 613 199 reduceres

188 211 342 252 Patrique
367 212 584 252 satisfaceres,

190 258 262 298 Nou
288 255 504 304 [reJlinquens
530 263 684 296 caelestia

187 307 367 340 Descendis
393 309 435 340 ad
460 311 640 348 terrestria,

185 355 328 396 Virginis
354 357 478 389 intrans
504 362 638 401 uterum,

186 403 342 436 Conditor
367 405 450 436 alme
477 406 630 440 siderum.

188 496 270 534 Ave,
297 497 390 527 natus
417 495 457 527 de
483 496 607 535 virgine

186 543 262 575 Sine
289 543 375 575 virili
401 543 533 584 semine,

184 591 266 630 Ave,
294 591 426 622 verbum
450 592 661 632 incarnatum,

186 640 267 681 Ave,
294 647 409 670 numen
437 639 654 673 humanatum.

186 732 266 772 Ave,
294 735 427 763 matrem
454 731 621 769 introiens,

185 782 264 819 Ave,
292 779 332 810 de
358 783 461 811 matre
488 781 653 819 prodiens,

184 827 265 865 Ave,
292 826 379 859 Deus
405 827 613 860 absconditus

183 874 302 906 Forma
327 875 454 907 servilis
479 875 619 907 habituS.

184 967 228 999 Ut
253 967 432 999 Leviathan
460 967 580 1007 capias,

181 1015 302 1046 Hamus
334 1023 430 1046 carne
456 1020 487 1046 te
513 1016 648 1055 pallias3

180 1063 302 1095 Hamus
327 1063 431 1094 latens
459 1063 620 1104 divinitas,

178 1111 264 1143 Esca
288 1115 402 1150 patens
429 1110 620 1143 humanitas,

181 1203 234 1236 Sic
259 1202 440 1235 Leviathan
471 1202 605 1244 decipis,

181 1251 259 1283 Cum
278 1260 406 1283 carnem
423 1255 566 1282 nostram
584 1251 732 1291 suscipis,

185 1300 244 1339 Qui
271 1299 345 1332 dum
372 1300 478 1330 carnis
503 1298 693 1340 adgreditur

182 1347 309 1387 Escam,
332 1356 351 1379 a
377 1347 470 1379 hamo
496 1348 633 1386 capitur.

179 1440 260 1481 Ave,
287 1440 394 1471 iacens
420 1440 620 1480 praesaepi0‚

178 1487 282 1520 Natus
307 1487 338 1518 in
366 1488 560 1528 diversorio,

179 1537 261 1577 Ave,
288 1536 402 1575 pannis
427 1536 599 1578 involutus,

182 1583 324 1616 Verbum
361 1589 471 1616 tacens
501 1584 586 1616 velut
614 1589 730 1624 mutus,

183 1633 264 1673 Ave,
291 1641 387 1664 carne
413 1632 630 1669 circumcisus,

179 1681 260 1720 Ave,
287 1689 382 1713 causa
407 1681 509 1713 nostri
535 1682 632 1713 risus.

183 1773 266 1815 Iesu,
294 1772 475 1805 mirandum
502 1773 619 1815 iudico,

181 1821 274 1860 Quod
301 1825 336 1852 tu
361 1831 450 1853 more
476 1821 610 1854 Iudaico

181 1869 377 1902 Circumcidi
403 1873 435 1901 te
461 1871 593 1910 pateris,

182 1917 316 1959 Culpam
343 1927 413 1950 cum
441 1928 503 1950 non
530 1918 692 1950 habueris.

181 2005 393 2046 Baptismatis
419 2005 542 2038 ablutio

182 2053 359 2094 Carnisque
386 2053 586 2086 circumcisio

179 2103 218 2135 In
244 2106 276 2134 te
302 2107 376 2135 sunt
398 2102 441 2134 ad
467 2103 665 2142 mysterium,

177 2150 264 2184 Aliis
290 2151 332 2184 ad
360 2150 547 2185 remedium,

177 2239 260 2278 Ave,
286 2247 379 2278 quem
403 2237 516 2270 matris
542 2236 664 2278 gremio

176 2286 298 2320 Stellae
323 2286 475 2319 conducti
501 2285 594 2318 radio

177 2335 259 2368 Tres
284 2335 369 2376 magi
395 2334 494 2367 corde
517 2333 655 2374 simplici

176 2383 348 2417 Honorant
374 2383 459 2416 dono
484 2382 618 2423 triplici.

799 414 853 446 75.

795 912 848 944 77.

791 1648 847 1681 80.

791 1894 846 1928 81.

791 2141 846 2173 82.

883 170 962 210 Ave,
990 177 1083 210 quem
1110 170 1211 201 laetus
1237 171 1339 202 tenuit

883 217 1022 259 Simeon,
1049 221 1217 258 postquam
1244 218 1363 256 senuit,

882 266 958 304 Fac,
986 269 1022 297 ut
1046 275 1104 297 nos
1126 269 1158 297 te
1176 265 1427 306 complectamur

882 313 924 344 Et
950 313 982 345 in
1009 322 1088 353 pace
1115 314 1323 347 dimittamur.

880 414 960 455 Ave,
989 418 1155 454 peccatum
1184 415 1364 456 destruens,

882 461 946 493 Sed
980 461 1140 502 baptisma
1175 472 1235 494 non
1263 471 1427 506 respuens,

880 510 960 545 Ave.
988 518 1084 548 super
1110 519 1202 549 quem
1230 510 1362 542 caelitus

881 556 1016 588 Sanctus
1043 557 1210 589 descendit
1235 558 1379 597 spiritus,

880 665 961 701 Ave,
988 671 1079 702 quem
1106 666 1179 702 post
1204 663 1354 694 ieiunium

879 710 1063 749 Temptavit
1089 710 1189 742 hostis
1215 712 1364 747 omnium,

880 758 943 790 Sed
968 759 1155 797 temptando
1179 759 1357 801 succubuit,

881 806 961 838 Nam
988 807 1020 837 in
1047 810 1078 837 te
1105 806 1184 838 nihil
1213 807 1331 839 habuit.

880 913 957 952 Ave,
985 912 1073 943 cuius
1101 912 1154 952 pia
1180 913 1246 944 vita

878 959 997 991 Nostra
1023 959 1083 991 fuit
1110 961 1321 999 praemunita.

880 1007 922 1040 Ut
949 1008 1099 1039 mundum
1128 1017 1255 1048 semper
1281 1009 1380 1049 fugiat

880 1056 1101 1094 caelestiaque
1128 1058 1245 1095 cupiat.

879 1157 959 1194 Ave,
987 1155 1115 1188 fervens
1141 1158 1357 1197 praedicator,

879 1203 1034 1236 Vitiorum
1063 1210 1234 1244 resecator,

879 1253 1035 1284 Doctrina
1056 1258 1111 1284 tua
1138 1254 1287 1296 continet,

879 1300 1041 1340 Quidquid
1073 1301 1114 1332 ad
1151 1301 1247 1333 vitam
1273 1303 1427 1342 pertinet.

841 1426 847 1433 .
877 1402 957 1438 Ave,
984 1401 1042 1433 sub
1069 1403 1162 1442 panis
1189 1402 1295 1442 specie

875 1450 920 1481 Te
949 1450 1132 1489 relinquens
1159 1451 1330 1491 ecclesiae3

876 1499 945 1530 Hoc
975 1499 1155 1530 mirandum
1190 1503 1424 1531 sacramentum

874 1547 976 1577 Tuum
1005 1546 1063 1577 fuit
1090 1551 1326 1580 testamentum.

876 1648 960 1679 Hinc
987 1647 1067 1679 fides
1093 1651 1123 1679 et
1151 1648 1282 1680 dilectio

876 1696 1000 1728 Crescit
1025 1699 1120 1736 atque
1148 1696 1286 1738 devotio,

878 1744 958 1776 Nam
994 1745 1067 1776 dum
1103 1745 1143 1776 de
1171 1750 1202 1776 te
1229 1754 1286 1777 nos
1312 1746 1424 1785 satias,

875 1792 980 1825 Corde
1006 1792 1065 1823 tibi
1092 1802 1148 1824 nos
1175 1794 1290 1827 socias,

873 1893 970 1926 Panis
998 1892 1131 1926 formam
1158 1894 1328 1937 intuemur,

874 1942 937 1974 Sed
964 1941 1024 1973 sub
1051 1940 1154 1974 forma
1181 1942 1372 1976 confitemur

876 1990 1011 2022 Carnem
1038 1990 1177 2022 iunctam
1206 1992 1327 2033 deitati,

875 2039 1035 2071 Deitatem
1061 2039 1225 2080 parvitati.

877 2139 971 2171 Panis
997 2141 1113 2172 transit
1138 2141 1326 2184 substantia,

874 2187 938 2219 Sed
964 2193 1094 2220 manent
1118 2190 1316 2228 accidentia3

873 2236 899 2268 Ο
925 2236 1073 2269 miranda
1099 2237 1260 2279 potentia!

872 2283 936 2315 Sed
963 2294 1025 2317 non
1049 2286 1153 2318 minor
1178 2290 1227 2318 est
1252 2287 1366 2328 gratia,

873 2333 965 2372 Quod
990 2333 1056 2371 ille,
1082 2334 1135 2375 qui
1161 2335 1208 2367 sic
1233 2336 1348 2378 potuit,

872 2381 924 2413 Ita
949 2381 1019 2413 fieri
1043 2383 1153 2416 voluit.
