1651 2680
696 122 956 158 -293—

523 252 588 284 263.
631 253 723 285 Salus
745 254 783 286 de
803 254 905 286 Maria
926 255 1125 295 magdalena.

178 343 210 377 1.
239 342 420 376 sceleribus
445 342 539 374 homo
564 344 667 384 plene,
868 347 899 379 3.
926 345 1021 377 Fletu
1047 346 1130 377 lotos
1155 345 1254 386 pedes
1281 346 1352 385 Dei,

237 391 274 422 In
299 390 441 422 moribus
466 391 681 430 Magdalenae
925 393 1021 425 Crine
1047 398 1160 434 tersos‚
1189 393 1350 435 pharisaei

281 436 484 470 Conformari
508 439 651 482 studeas,
973 441 1076 473 Domo
1100 442 1203 474 nardo
1228 442 1345 480 pistico

235 486 331 519 Cuius
356 486 492 525 vestigia
519 492 602 527 tene,
926 488 1037 527 Unxit,
1067 490 1154 520 cuius
1183 498 1279 521 causa
1306 489 1351 520 rei

234 533 430 566 Gehennalis
456 534 539 575 ignis
565 544 688 574 poenae
926 536 1058 576 Septeni
1085 541 1192 568 reatus
1220 538 1247 568 ei

280 581 332 613 Ne
357 581 460 614 subici
484 582 606 615 valeas.
974 585 1195 616 Remittuntur
1221 585 1321 617 inico.

173 670 204 701 2.
231 669 319 708 Quae
347 669 556 701 daemonibus
582 669 713 701 obsessa
864 672 897 703 4.
926 670 1073 703 Christus
1099 670 1139 701 ob
1166 671 1254 702 cuius
1280 679 1419 702 amorem

234 716 423 748 Mortaiium
449 721 480 747 et
504 726 659 757 oppressa
923 718 1030 750 Fluxu
1056 720 1183 750 sanavit
1210 728 1363 757 sororem,

279 764 367 795 Mole
393 767 515 804 septem
544 765 721 808 criminum,
972 766 1081 799 Fratri
1108 767 1205 798 vitam
1233 766 1363 805 tribuit&

229 811 282 845 Ab
308 812 443 844 infernis
470 818 519 846 est
545 822 691 853 regressa
925 814 1154 854 Resurgentem
1182 815 1419 854 redemptorem

230 860 334 892 Venia
359 861 420 891 sibi
445 869 607 902 concessa,
922 862 1033 894 Prima
1060 862 1141 894 vidit
1169 862 1331 893 meliorem

279 909 370 948 Quod
398 908 512 940 dilexit
537 909 720 942 Dominum.
970 911 1162 950 Partemque
1191 910 1335 945 retinuit,

518 998 548 1028 5.
576 997 640 1028 Par
667 996 793 1027 nomine
820 995 939 1027 Christi
967 998 1070 1039 matri,

577 1044 640 1075 Sed
668 1043 787 1074 honore
813 1044 927 1085 minor,
956 1046 1040 1083 patri

624 1091 690 1122 Nos
717 1091 844 1123 Christo
870 1093 1024 1129 concilia3

578 1138 666 1170 Caeli
692 1139 785 1170 nobis
812 1147 870 1178 per
895 1144 925 1170 te
955 1140 1072 1171 clathri

579 1186 723 1225 pateant,
751 1187 942 1219 claudantur
968 1189 1032 1219 atri

623 1235 752 1267 Tartari
778 1235 910 1275 palatia.

233 1319 304 1348 Cod.
327 1321 453 1347 Boi-nen.
474 1318 540 1346 414.
563 1328 638 1346 saec.
664 1317 698 1346 13
720 1318 796 1352 (add.
817 1328 892 1347 saec.
918 1318 970 1351 13).
992 1334 1030 1338 —
1054 1320 1078 1353 1,
1099 1318 1117 1346 3
1139 1320 1338 1347 Conformare.
1362 1336 1395 1338 —
1418 1319 1443 1353 5,
1466 1319 1484 1347 4

153 1359 239 1386 nobis
262 1367 363 1395 preces
387 1358 504 1385 elathri.
526 1372 563 1377 -—
585 1358 610 1390 5,
633 1357 650 1385 5
672 1357 829 1385 laudentur
850 1360 917 1385 atri.

547 1500 615 1530 264.
658 1501 697 1531 De
719 1508 744 1531 s,
766 1500 867 1532 Maria
889 1499 1087 1539 Magdalena.

168 1592 198 1624 1.
226 1592 252 1624 O
278 1591 396 1632 Maria,
423 1600 504 1631 quae
530 1591 650 1623 stetisti
862 1592 894 1623 2.
920 1590 1120 1622 paenitendo
1147 1590 1221 1621 dum
1248 1589 1375 1630 flevisti,

226 1640 326 1672 Retro
351 1648 442 1672 secus
469 1640 569 1679 pedes
597 1639 730 1681 Christi,
921 1639 1082 1671 Christum
1110 1639 1198 1677 pium
1226 1639 1375 1670 invenisti

274 1688 358 1728 Quos
385 1688 497 1728 rigasti
524 1686 664 1725 fletibus,
970 1687 1125 1718 Remissis
1151 1687 1355 1725 excessibus;

226 1736 339 1770 Fulvis
366 1736 464 1769 comis
492 1736 667 1775 extersisti,
921 1736 1019 1775 Quem
1045 1736 1207 1775 placatum
1234 1735 1385 1773 habuisti,

225 1785 396 1818 Osculatos
421 1784 583 1816 extinxisti
921 1785 984 1816 Pro
1012 1784 1152 1823 peccatis
1180 1784 1256 1815 mihi
1283 1784 1370 1815 tristi

274 1832 388 1865 Coram
417 1832 702 1864 discumbentibus.
972 1832 1069 1864 Placa
1096 1832 1158 1863 tuis
1184 1832 1345 1873 precibus.

230 1921 311 1948 Orat.
334 1928 386 1947 ms.
407 1918 565 1955 Anglican.
587 1927 664 1945 saec.
689 1914 731 1944 13.
774 1917 845 1945 Cod.
867 1918 1032 1944 Londineu.
1055 1918 1105 1944 Ar.
1126 1915 1193 1945 201.

553 2071 621 2102 265.
663 2072 706 2102 Do
726 2079 749 2101 s.
770 2069 872 2102 Maria
892 2069 1089 2110 Magdalena.

349 2162 438 2202 Quae
463 2163 548 2194 vitae
574 2170 607 2193 es
634 2170 716 2193 vena
741 2161 817 2193 mihi
845 2161 909 2192 dux
938 2164 969 2192 et
995 2166 1098 2192 mater
1124 2170 1266 2201 amoena,

347 2211 426 2252 Fac,
453 2210 660 2251 Magdalem,
688 2212 744 2241 tua
770 2209 862 2242 donis
890 2217 1022 2241 munera
1048 2211 1153 2249 plena,

351 2259 447 2291 Dilue
474 2263 604 2290 terrena
631 2257 789 2299 contagia,
817 2265 914 2289 saeva
940 2255 1081 2297 refrena,

351 2308 490 2347 Perpete
515 2315 566 2339 me
591 2314 694 2346 poena
719 2305 837 2338 liberet.
862 2309 918 2338 tua
945 2305 1060 2337 dextra
1086 2314 1209 2345 serena,

351 2355 412 2398 Da,
440 2354 531 2388 fruar
556 2354 608 2386 hic
635 2363 714 2386 cena
741 2353 873 2395 Christi,
900 2356 975 2394 post
1002 2363 1081 2393 pace
1107 2363 1264 2394 suprema.

229 2442 352 2472 Colleot.
379 2451 433 2470 ms.
454 2442 646 2470 Franciscan.
673 2448 750 2469 saec.
782 2438 825 2468 15.
866 2439 936 2468 Cod.
961 2439 1104 2468 Oxonien.
1131 2442 1241 2470 Canon.
1263 2443 1389 2472 Miscell.
1416 2442 1483 2472 523.
