1651 2680
187 1061 205 1092 10

595 720 653 750 176.
695 719 736 750 De
758 719 903 751 Omnibus
925 720 1056 751 Sanctis.

211 844 218 852 .
245 820 404 851 Miserere
430 819 502 857 mei,
530 819 628 860 Deus,

245 868 413 907 Miserere,
441 867 545 899 factor
572 877 670 908 meus,

244 916 411 955 Miserere,
439 917 512 948 Iesu
539 916 676 957 Christe,

246 964 295 995 Ne
321 968 433 1004 pereat
459 973 531 995 reus
558 965 629 996 iste.

210 1085 218 1092 .
245 1062 317 1092 lesu
344 1061 482 1099 Christe,
509 1061 663 1091 miserere

245 1108 311 1140 Fac
337 1118 386 1139 me
414 1109 509 1149 digne
536 1108 711 1148 paenitere,

244 1157 424 1188 Paenitenti
452 1157 529 1187 mihi
555 1165 664 1196 parce,

244 1205 361 1236 Hostes
385 1214 472 1236 meos
498 1205 610 1244 procul
637 1213 721 1238 arce.

244 1301 381 1341 Propter
406 1305 492 1332 tuam
515 1301 689 1332 bonitatem

246 1349 337 1381 Habe
364 1349 404 1380 de
431 1358 479 1380 me
506 1350 668 1388 pietatem,

245 1398 294 1429 De
320 1407 369 1429 me
395 1399 548 1437 pietatem
574 1397 667 1434 habe,

242 1446 365 1477 Munda
391 1454 447 1477 cor
472 1445 512 1478 ab
538 1446 624 1477 omni
650 1446 734 1479 labe.

209 1567 215 1572 .
242 1542 385 1574 Mentem
410 1550 511 1574 meam
538 1542 570 1573 in
597 1545 628 1573 te
655 1541 746 1573 firma

244 1590 287 1622 Et
313 1590 449 1631 gratiam
476 1590 553 1621 mihi
580 1593 721 1631 praesta,

242 1639 298 1670 Me
323 1648 385 1670 non
412 1648 543 1678 possum
570 1639 754 1677 emendare,

242 1686 313 1718 Nisi
339 1687 419 1718 velis
445 1687 610 1719 adiuvare.

207 1810 213 1816 .
242 1783 362 1815 Precor
387 1792 473 1824 ergo,
502 1784 574 1815 Iesu
602 1783 697 1821 boue,

242 1831 334 1864 Meas
359 1831 472 1864 sordes
498 1837 532 1863 tu
560 1832 695 1871 depone,

241 1879 373 1912 Renova
399 1889 449 1911 me
476 1884 666 1916 veteratum,

241 1928 417 1961 Consolare
443 1937 492 1960 me
518 1928 692 1960 turbatum.

239 2025 342 2058 Eleva
369 2035 418 2057 me
445 2029 657 2062 corruentem,

240 2074 339 2114 Erige
365 2074 489 2114 pigrum
517 2074 685 2115 iacentem,

239 2122 338 2155 Ovem
366 2122 494 2163 require
520 2126 692 2161 errantem,

240 2171 352 2211 Dirige
378 2180 428 2203 me
455 2170 649 2203 deviantem.

206 2293 213 2300 .
242 2268 309 2300 Fac
335 2267 476 2308 quietum
503 2276 553 2299 me
580 2269 760 2308 vagantem,

242 2316 338 2359 Sana,
364 2325 490 2357 precor,
517 2318 749 2356 aegrotantem,

240 2365 371 2397 Exaudi
397 2373 448 2396 me
472 2368 505 2396 te
530 2367 715 2405 precantem

239 2415 285 2447 Et
310 2413 449 2454 gratiam
477 2414 706 2453 requirentem.

879 822 909 854 8.

856 1302 908 1333 10.

855 1542 910 1574 11.

854 1784 908 1815 12.

852 2025 906 2057 13.

856 2267 910 2300 14.

940 821 1056 852 Pastor
1080 821 1172 860 bone,
1201 830 1256 853 rex
1283 821 1430 861 benigne,

938 869 1004 901 Ure
1030 878 1079 900 me
1105 869 1238 908 spiritus
1264 870 1346 911 igne,

937 917 983 949 Ut
1008 918 1108 956 ipsius
1135 926 1193 956 per
1219 918 1355 948 calorem

939 965 1076 996 Noxium
1104 966 1236 1004 perdam
1262 969 1436 1006 torporem.

939 1061 1039 1100 Virgo
1066 1066 1168 1092 mater
1194 1061 1376 1096 salvatoris,

937 1109 1062 1140 Memor
1088 1113 1156 1140 esto
1183 1110 1371 1148 peccatoris,

936 1158 1032 1189 Porta
1059 1157 1149 1193 caeli,
1178 1158 1274 1188 maris
1301 1157 1406 1195 stella,

937 1206 1000 1236 Pro
1027 1215 1076 1236 me
1100 1210 1208 1236 natum
1236 1205 1421 1244 interpella.

937 1301 1053 1333 Sancte
1080 1301 1195 1332 chorus
1222 1301 1418 1341 angelorum,

937 1350 1053 1381 Omnes
1081 1350 1216 1380 virtutes
1244 1349 1417 1384 caelorum,

936 1398 1033 1436 Apud
1060 1399 1161 1430 Deum
1191 1407 1239 1427 me
1266 1397 1372 1428 iuvate

938 1446 982 1477 Et
1008 1456 1066 1485 pro
1093 1455 1141 1476 me
1169 1454 1295 1484 semper
1321 1449 1421 1476 orate.

939 1542 1055 1572 Sancte
1082 1542 1197 1572 chorus
1225 1541 1466 1581 prophetarum,

937 1590 1050 1622 Contio
1077 1590 1344 1629 patriarcharum,

937 1639 1081 1670 Exorate
1107 1643 1294 1675 creatorem,

939 1686 988 1717 Ne
1015 1695 1064 1717 me
1090 1687 1205 1726 perdat
1231 1690 1443 1726 peccatorem,

937 1785 1054 1814 Sancte
1080 1783 1237 1814 lohannes
1265 1782 1417 1821 baptista,

937 1831 1023 1862 Audi
1051 1835 1124 1862 vota
1150 1831 1287 1861 clemens
1314 1831 1386 1868 ista,

937 1881 1064 1919 Agnum
1092 1878 1143 1910 fac
1169 1879 1244 1910 mihi
1273 1879 1436 1918 placatum

936 1928 974 1959 In
999 1928 1137 1959 Iordane
1164 1927 1371 1966 baptizatum.

934 2024 983 2056 Tu
1009 2032 1144 2063 quoque,
1174 2023 1268 2054 Petre
1295 2023 1398 2064 beate,

935 2072 1049 2105 Claves
1075 2072 1156 2104 caeli
1183 2072 1232 2103 cui
1259 2075 1331 2102 sunt
1359 2071 1464 2109 datae,

934 2121 997 2152 Pro
1024 2129 1073 2151 me
1100 2129 1177 2160 roga
1202 2120 1406 2161 salvatorem,

935 2169 995 2208 Qui
1021 2168 1129 2208 posuit
1154 2172 1186 2199 te
1211 2172 1383 2208 pastorem.

941 2265 1049 2304 Paule,
1078 2274 1132 2296 vas
1159 2265 1335 2303 electionis,

934 2313 1126 2354 Exemplum
1154 2313 1380 2349 conversionis.

937 2363 1002 2395 Ora
1027 2366 1115 2393 tuum
1142 2371 1376 2399 conversorem,

934 2411 979 2444 Ut
1000 2419 1102 2442 meum
1128 2410 1220 2442 tollat
1247 2419 1400 2442 errorem.
