1651 2680
686 107 948 144 —309—

169 206 200 238 2.
229 204 370 238 Caelesti
397 213 470 237 rore
495 206 678 245 praeditus,

277 253 340 286 Suo
366 253 566 293 respondens
592 254 725 294 nomini,

227 300 435 342 CaelestinuS,
466 301 516 332 vir
540 301 682 341 inclitus,

275 349 508 381 sacrosanctae
535 350 683 390 regimini

227 396 394 428 Ecclesiae
421 398 638 436 praepositus,

275 445 373 476 Velut
398 444 431 475 in
460 445 549 477 caelo
575 445 694 486 gemini

226 493 367 524 Irradiat
396 492 553 524 divinitus

273 540 340 573 Iste
364 541 530 580 consessor
557 541 710 573 Domini.

865 207 896 239 3.
924 206 1037 238 Petrus
1065 205 1120 237 dat
1146 205 1275 237 laudum
1302 204 1455 245 carmina,

972 254 1084 286 Petrus
1112 262 1170 293 pro
1197 261 1292 294 grege
1319 253 1442 294 vigilat,

924 302 1036 334 Petrus
1063 301 1201 333 absolvit
1227 301 1370 339 crimina,

971 350 1111 390 Serpens
1137 351 1284 390 antiquus
1310 349 1430 387 sibilat,

925 399 1039 430 Petrus
1066 397 1190 429 confert
1217 397 1386 439 iuvamina,

972 447 1092 485 Quibus
1118 447 1219 478 omnis
1243 445 1335 486 plebs
1353 445 1481 485 iubilat,

925 495 1002 526 Post
1029 496 1157 527 Petrum
1184 498 1302 526 canunt
1326 493 1470 534 agmina:

972 542 1107 575 Aurora
1130 542 1210 574 lucis
1235 541 1360 574 rutilat.

232 654 354 682 Culleo-t.
387 662 439 681 ms.
474 653 503 681 S.
535 654 637 682 Iacobi
670 654 810 681 Leodien.
845 655 926 684 (olim
959 656 1088 683 Simonis
1119 656 1154 682 de
1186 657 1307 687 Leodio,
1339 656 1482 682 Canonici

153 693 313 729 Tungren.)
340 701 416 720 saec.
447 691 488 719 13.
538 692 608 720 Cod.
636 693 854 721 Darmstadien.
882 692 966 721 2666.
995 709 1032 713 —
1063 693 1091 725 1,
1120 693 1138 720 3
1167 699 1272 721 montev
1295 709 1332 711 —
1356 692 1385 723 1,
1414 694 1431 720 ὅ
1453 697 1482 720 et

154 739 270 768 papam.
293 747 330 750 —
356 731 385 763 1,
407 730 425 757 4
447 732 588 759 vestibus.
613 745 644 749 —
673 731 701 764 l,
725 731 741 758 7
765 733 854 759 cleru.
877 747 913 751 ——
937 732 962 764 3,
986 732 1002 759 7
1023 736 1132 760 canunt
1155 735 1296 760 carmina.
1322 747 1354 750 —-
1377 733 1480 767 „Anno

154 771 276 798 Domini
303 770 383 798 MCC
410 771 601 805 nonagesimo
631 774 736 804 quarto
765 770 837 798 haec
859 772 969 806 scripta
991 776 1059 798 suut
1084 771 1119 797 de
1145 780 1221 807 papa
1243 772 1346 803 Petro,
1375 772 1424 806 qui
1451 773 1479 798 et

155 808 366 837 Caelestinus.“
398 822 434 827 —
461 810 522 835 Aus
550 808 704 835 derselbeu
731 809 784 835 Hs.
813 810 888 837 auch
916 810 1009 838 (nicht
1034 811 1109 837 ohne
1131 811 1228 845 einigc
1250 809 1427 842 Losefeliler)
1448 810 1479 835 in

154 849 279 876 Roman.
300 847 420 874 Forsch.
442 848 493 878 Vl,
517 846 561 874 11.
604 848 665 874 Das
688 847 761 874 Lied
784 849 823 874 ist
844 848 1012 875 ersichtlich
1035 848 1265 884 unvollstiiudig.

492 1057 561 1087 284.
603 1056 647 1087 Aa
672 1060 797 1088 sanctos
818 1059 887 1088 tres
910 1057 1009 1096 Reges
1031 1057 1144 1087 oratio.

169 1177 198 1209 1.
228 1175 284 1215 Te,
313 1184 369 1207 rex
396 1176 521 1215 Iaspar‚
548 1176 768 1217 imploramus,

228 1222 349 1256 Confer
375 1223 477 1263 nobis,
506 1225 590 1264 quod
618 1228 776 1264 optamus,

274 1272 438 1305 Christum
463 1273 569 1304 Iesum
594 1272 790 1313 propitium,

227 1320 253 1352 Ο
280 1329 337 1352 rex
365 1321 488 1360 Iaspar,
517 1330 610 1352 serve
638 1320 710 1362 Dei,

227 1368 273 1400 Te
300 1377 448 1408 rogamus
474 1370 558 1400 servi
588 1368 644 1408 rei,

274 1417 303 1448 A
330 1417 455 1456 peccati
482 1425 612 1448 carcere

226 1464 320 1496 Educ
347 1474 405 1497 nos
431 1466 556 1503 potenti
584 1473 690 1505 prece,

226 1512 330 1544 Nobis
359 1513 453 1545 detur
478 1513 564 1544 victa
590 1521 667 1545 nece

275 1561 395 1592 Tecum
421 1569 550 1600 semper
578 1563 698 1593 vivere.

170 1689 201 1720 2.
229 1686 285 1728 Te,
313 1695 371 1718 rex
396 1686 567 1726 Melchior,
594 1695 753 1726 rogamus,

228 1733 335 1766 Nobis
363 1735 456 1776 dona,
484 1734 569 1774 quod
596 1738 754 1775 optamus,

230 1782 300 1814 Nec
326 1783 374 1814 sic
399 1791 534 1821 spernas
561 1786 758 1825 peccatores,

230 1830 275 1863 Ut
301 1840 364 1862 non
391 1838 504 1862 cernas
531 1834 727 1871 precatores,

229 1878 314 1911 Reos
341 1879 403 1911 sibi
431 1877 617 1911 diffidentes

278 1927 348 1960 Tuo
374 1928 452 1959 siste
477 1927 627 1960 Domino.

866 1177 898 1210 3,
927 1176 1108 1215 Balthasar‚
1137 1185 1191 1207 rex
1219 1177 1348 1216 pietatis

923 1224 965 1255 Et
992 1225 1089 1256 totius
1116 1225 1296 1256 sanctitatis

970 1273 1106 1304 Flumen
1132 1273 1331 1310 indeficienS,

922 1320 958 1351 In
986 1324 1017 1351 te
1046 1320 1136 1352 salva
1163 1321 1369 1356 confidentes,

923 1368 1063 1400 Salutari
1089 1369 1234 1400 sitientes

970 1417 1051 1448 Potu
1078 1426 1134 1447 nos
1161 1416 1319 1449 reficiens.

864 1542 894 1574 4.
923 1541 975 1572 Ad
1004 1541 1043 1572 de
1070 1539 1181 1572 flentes
1208 1541 1416 1581 suspiramus,

923 1589 969 1620 Te
995 1594 1157 1629 gementes
1184 1590 1369 1621 invocamus

971 1637 1062 1670 Evae
1088 1638 1196 1676 proles
1222 1639 1348 1679 misera,

923 1685 1046 1717 Statum
1073 1691 1201 1718 nostrae
1227 1687 1426 1726 paupertatis

923 1734 1022 1765 Vultu
1049 1739 1123 1766 tuae
1148 1734 1302 1766 bonitatis

974 1782 1155 1814 Clementer
1181 1784 1360 1816 considera.

925 1830 1004 1868 Deo,
1030 1835 1151 1871 sancte,
1177 1841 1234 1862 nos
1261 1831 1458 1872 commenda,

926 1878 968 1911 Ut
997 1885 1110 1911 exutos
1135 1880 1221 1910 omni
1247 1878 1363 1911 menda

974 1927 1040 1958 Nos
1067 1927 1149 1959 locet
1176 1928 1208 1958 in
1235 1927 1346 1967 gloria.

551 2045 582 2076 5.
611 2044 685 2075 Iesu
710 2043 847 2086 Christe,
875 2041 921 2073 fili
949 2044 1024 2085 Dei,

609 2090 691 2123 Tota
715 2091 801 2123 salus
828 2094 957 2123 nostrae
983 2092 1063 2131 spei,

607 2139 718 2171 Trium
746 2149 855 2180 regum
880 2139 1064 2171 interventu

611 2187 808 2227 Angelorum
835 2196 892 2220 nos
920 2192 1075 2219 concentu

657 2234 723 2267 Fac
748 2237 888 2277 gaudere
915 2236 1043 2276 iugiter.

230 2353 312 2380 Orat.
340 2361 391 2379 ms.
421 2351 587 2387 Campense
613 2351 685 2379 anni
714 2349 796 2380 1462.
843 2350 913 2379 Cod.
942 2348 1162 2378 Darmstadien.
1190 2349 1255 2379 521.
1283 2365 1319 2371 -
1350 2350 1384 2384 3,
1415 2350 1426 2378 1
1459 2353 1486 2379 Ο

151 2391 326 2421 Baithasar.
346 2405 385 2410 —
412 2388 439 2423 5,
460 2388 479 2419 3
497 2391 630 2419 Tuorum
650 2399 761 2426 regum.
789 2404 825 2409 —-
853 2389 962 2417 Starke
982 2389 1213 2426 Entlehnungen
1234 2399 1287 2418 aus
1308 2390 1402 2418 Adam
1425 2400 1487 2418 von

152 2432 195 2461 st.
219 2430 338 2458 Viktor.
