1651 2680
685 100 727 106 —-
777 81 846 116 248
898 101 940 106 —-

577 182 644 213 203.
685 183 726 213 De
747 185 857 214 sancta
879 183 1024 215 caecilia.

164 273 194 304 1.
223 272 248 303 Ο
275 271 441 310 praeclara
469 271 620 309 Caecilia,
850 275 882 306 2.
909 273 934 305 O
960 273 1054 305 beata
1080 273 1219 306 Caecilia

222 320 308 357 Quae
333 319 482 357 puritatis
509 318 576 350 lilia
909 320 1004 353 Salva
1030 321 1128 354 corda
1154 322 1283 359 debilia,

223 367 446 406 virtutumque
472 366 609 406 insignia
909 369 1036 410 Precor,
1063 374 1094 400 et
1120 368 1171 401 fac
1197 370 1293 410 agilia

270 414 397 445 Christo
424 414 585 454 obtulisti3
957 417 993 447 ln
1020 417 1130 448 divino
1155 417 1297 449 servitio.

223 462 270 492 Tu
297 462 409 494 summi
436 463 519 502 regis
545 460 621 499 filia,
908 464 986 501 Fae,
1013 468 1048 495 ut
1072 468 1183 496 nostra
1208 464 1322 496 exsilia

223 510 363 541 Pulchra
388 519 501 549 gerens
528 510 659 541 monilia
911 510 1010 542 Facta
1037 511 1114 544 fiant
1135 512 1237 552 utilia,

222 558 393 595 Virtutum,
422 567 480 598 per
505 557 619 588 exsilia
913 557 1061 590 Salubria
1084 559 1216 591 consilia

271 606 356 637 Hinc
381 614 512 645 regnum
537 605 688 639 introisti.
962 603 1055 648 [Tuo,
1080 607 1180 648 virgo,
1207 603 1351 648 auxilio}

231 690 311 717 Orat.
336 698 386 715 ms.
410 690 571 725 Campense
592 692 661 716 anui
687 688 767 716 1462.
811 691 880 718 Cod.
904 691 1118 718 Darmstadien.
1139 689 1203 717 521.

565 821 633 851 204.
676 821 716 851 De
737 822 847 851 sancta
868 820 1036 852 christina.

164 910 195 943 1.
221 912 302 951 Ave,
330 910 418 949 virgo
444 914 477 941 tu
504 910 681 948 Christina,
855 914 885 944 5.
913 911 938 942 O
965 916 1075 942 sancta
1100 914 1221 951 martyr
1243 910 1416 948 christina,

222 959 301 996 Ave,
330 957 430 988 dulcis
457 962 487 989 et
514 958 638 995 divina,
910 958 1084 998 Babylonis
1112 959 1151 989 de
1176 959 1300 990 sentina

223 1006 303 1044 Ave,
330 1014 446 1044 sponsa
473 1006 595 1038 Christi
622 1015 708 1040 vera,
912 1005 992 1038 Mihi
1020 1011 1120 1038 tutum
1149 1007 1190 1038 da
1217 1007 1375 1044 ducatum,

222 1054 302 1085 Ave.
331 1053 415 1083 mitis
442 1058 474 1084 et
500 1053 634 1085 sincera.
912 1054 1073 1086 Christum
1098 1054 1202 1085 Iesum
1225 1053 1275 1085 fac
1294 1053 1468 1092 placatum.

163 1140 193 1171 2.
219 1139 346 1178 Martyr
373 1139 442 1177 Dei,
472 1141 539 1172 Deo
567 1139 672 1179 digna.
850 1142 880 1173 6.
908 1140 986 1171 Esto
1012 1141 1089 1171 mihi
1116 1140 1322 1171 consolatrix.

221 1187 290 1217 Tua
313 1195 408 1226 prece
435 1196 484 1218 me
511 1188 672 1228 consigna,
910 1188 973 1219 Pro
999 1197 1049 1218 me
1074 1188 1117 1219 sis
1143 1188 1387 1229 interpellatrix,

225 1235 340 1265 Preces
367 1235 442 1265 audi
469 1235 646 1274 peccatoris
913 1235 972 1265 Pro
999 1244 1048 1266 me
1075 1235 1233 1267 Christum
1260 1236 1442 1274 interpella,

222 1281 264 1312 Et
294 1290 342 1312 me
369 1283 501 1313 mundes
527 1282 623 1320 intus,
652 1281 740 1313 foris.
910 1282 1003 1313 Solve
1030 1283 1140 1314 mortis
1167 1283 1206 1314 de
1232 1283 1384 1322 procella.

166 1368 198 1400 3.
226 1367 344 1398 Preces
369 1367 455 1408 audi,
482 1372 612 1406 praesta
637 1372 756 1403 votum,
854 1368 885 1401 7,
911 1367 1071 1406 Superat-e
1095 1377 1145 1399 me
1171 1367 1223 1399 fac
1247 1368 1410 1409 mundum,

223 1414 285 1446 Cor
310 1415 342 1445 in
369 1414 450 1445 bono
477 1413 527 1446 fac
553 1414 728 1456 immotum,
911 1414 960 1445 Ne
987 1416 1153 1454 demergar
1179 1416 1211 1447 in
1236 1414 1446 1457 profundum,

223 1461 340 1493 Confer
366 1462 443 1492 mihi
470 1471 524 1493 cor
549 1463 732 1502 contritum,
911 1462 964 1493 Me
990 1472 1051 1494 non
1077 1463 1162 1494 sinas
1189 1463 1372 1502 naufragari

221 1509 308 1548 Rege
336 1510 435 1539 visum
463 1514 492 1540 et
517 1510 671 1542 auditum.
910 1510 946 1540 In
973 1512 1112 1549 peccatis
1138 1511 1169 1541 in
1196 1511 1255 1542 hoc
1280 1512 1371 1544 mari.

164 1597 196 1627 4.
222 1595 309 1635 Rege
337 1598 460 1634 gustum
487 1600 516 1626 et
543 1594 706 1634 olfactum,
854 1596 885 1627 8.
913 1596 949 1626 In
977 1600 1147 1635 conspectu
1173 1601 1286 1636 potens
1313 1597 1384 1636 Dei,

224 1643 321 1682 Virgo
349 1647 468 1684 sancta,
497 1651 570 1681 rege
596 1647 724 1684 tactum,
909 1643 1033 1674 Memor
1058 1648 1136 1682 esto,
1163 1653 1287 1684 precor,
1314 1645 1386 1687 mei,

223 1690 265 1722 Ut
292 1691 323 1722 in
351 1691 472 1721 cunctis
498 1696 529 1721 te
558 1694 685 1731 regente
910 1691 935 1722 O
962 1692 1111 1724 servitrix
1139 1692 1260 1724 Christi
1286 1691 1391 1733 fortis,

221 1739 335 1769 Vivam
362 1738 429 1769 Deo
455 1742 565 1769 sancta
592 1743 705 1769 mente.
909 1738 988 1770 Esto
1014 1748 1166 1778 praesens
1193 1740 1271 1773 hora
1295 1742 1419 1773 mortis.

507 1826 538 1857 9.
567 1823 813 1855 Decumbentem
841 1824 921 1865 fove,
950 1825 1019 1856 leva

567 1872 605 1903 Et
635 1873 673 1903 de
701 1876 802 1903 morte
828 1873 915 1904 solve
941 1882 1046 1911 saeva,

565 1919 609 1952 Ut
635 1929 796 1959 resurgam
822 1930 921 1952 novus
949 1921 1051 1959 homo,

568 1968 653 1999 Civis
677 1968 708 1999 in
735 1968 864 1999 caelesti
892 1969 995 2002 domo,

228 2052 307 2078 Orat.
330 2061 381 2078 ms.
404 2052 562 2088 campense
580 2055 649 2080 anni
673 2050 753 2080 1462.
795 2053 865 2080 Cod.
888 2055 1104 2082 Darmstadien.
1130 2053 1194 2081 521.

547 2184 616 2215 205.
657 2185 697 2216 De
717 2186 824 2217 sancto
846 2184 1077 2226 christophoro.

164 2275 193 2306 1.
221 2273 345 2311 Gaude,
372 2278 495 2314 martyr
520 2274 760 2314 christophore,
849 2277 879 2308 2.
909 2275 1031 2317 Gaude,
1057 2276 1132 2316 quia
1156 2277 1287 2310 sitivisti

219 2322 280 2362 Qui
306 2322 424 2353 curasti
450 2331 561 2354 servus
587 2321 656 2354 fore
908 2323 1023 2366 Iesum,
1049 2327 1099 2356 ter
1124 2334 1143 2356 a
1168 2335 1230 2365 quo
1253 2325 1344 2358 fuisti

270 2370 344 2402 Solo
371 2370 488 2403 Christi
516 2371 652 2403 nomine.
957 2371 1142 2412 Baptizatus
1169 2371 1308 2408 flumine.
