1651 2680
652 106 913 142 —101—

131 203 187 237 19.
214 201 309 234 Nunc
334 202 408 234 vide
433 203 659 243 propheticum

261 250 294 281 in
320 259 370 282 me
394 250 615 294 adimpletum,

213 298 243 330 A
268 297 434 331 iuventute
458 307 632 339 pauperem

262 345 372 378 labore
398 350 597 387 consuetum,

215 394 245 426 A
270 394 382 434 planta
407 394 449 426 ad
476 395 628 426 verticem

263 442 366 482 plagis
392 451 441 475 me
466 443 635 482 repletum,

216 489 306 522 Felle
332 491 464 523 mixtum
491 491 523 522 in
550 499 644 522 eruce

262 542 390 578 potasse
415 543 551 577 acetum,

213 585 404 618 Damnatum
429 587 615 626 turpissima

313 640 414 667 morte
441 635 660 674 pessimorum.

197 729 277 756 Orat.
304 738 357 755 ms.
385 729 548 763 Campense
576 729 646 755 anni
677 726 759 755 1462.

826 204 883 238 20.
911 204 982 236 Non
1009 213 1091 242 mea,
1119 203 1175 235 sed
1202 208 1256 235 tua
1281 211 1349 234 sum

957 253 1052 292 culpa
1078 261 1201 291 passus,
1229 252 1333 289 h0m0‚

908 300 989 339 Quia
1014 305 1049 332 tu
1076 299 1116 331 de
1144 300 1240 331 vetito

957 348 1124 380 comedisti
1152 357 1262 388 pomo,

909 396 943 428 Si
970 396 1047 428 mihi
1073 395 1268 434 respondeas

959 443 1188 484 compassionis
1216 444 1309 481 ‹10n0‚

911 491 1003 523 Dabo
1030 491 1087 523 tibi
1116 491 1223 522 vivere

956 540 1059 579 patris
1084 539 1146 569 mei
1173 539 1276 574 domo,

910 588 951 619 Ut
978 596 1098 619 mecum
1125 587 1156 617 in
1183 588 1309 618 saecula

1004 643 1115 676 regnes
1142 635 1351 666 saeculorum.

808 728 878 756 cod.
906 729 1125 757 Dariustadien.
1155 729 1219 755 521.
1250 746 1283 749 —-
1313 728 1344 758 2,
1375 728 1390 755 7
1419 733 1448 756 et

118 770 196 804 quot.
216 783 254 787 —
274 766 305 799 6,
331 769 348 795 6
369 769 400 794 iu
420 766 514 794 domo.
540 782 570 785 -
595 766 620 798 8,
646 765 664 792 3
685 767 827 803 Guttique
849 769 1017 803 sanguinei.
1040 782 1075 787 -ν
1097 766 1125 797 ὅ.
1149 766 1182 794 10
1203 769 1384 795 efandornm.
1409 782 1447 786 —

120 805 163 838 11,
184 803 202 833 2
223 806 402 841 clademque.
424 820 457 824 -
485 805 527 837 ll,
551 805 566 832 7
589 806 690 832 Flecti.
712 819 749 824 —
773 805 816 839 17,
839 804 857 833 8
879 807 1022 838 iungeris.
1047 822 1080 826 -
1105 804 1148 837 18,
1169 805 1186 832 9
1209 807 1369 834 interitum.

553 976 600 1006 56.
644 975 685 1005 De
707 975 855 1006 passione
880 976 1010 1006 Domini.

161 1087 191 1120 1.
217 1085 422 1126 Expurgator
448 1086 603 1117 scelemm

263 1135 395 1166 Aeterni
422 1134 524 1174 patris
551 1135 686 1165 dextera

214 1181 389 1213 Descendit
415 1181 456 1213 ad
482 1182 623 1213 saucium

260 1229 312 1262 Ad
339 1230 482 1262 sananda
509 1230 652 1266 vulnera,

214 1277 361 1310 Adduxit
385 1279 419 1309 in
444 1278 605 1309 stabulum

262 1326 394 1358 Pietatis
419 1335 528 1366 opera,

214 1374 329 1406 Vinum
356 1375 436 1406 dans
461 1379 491 1405 et
515 1375 620 1406 oleum

261 1420 403 1455 Caritate
429 1431 555 1462 supera.

154 1521 186 1552 2.
213 1519 275 1550 Hic
300 1523 347 1551 est
374 1522 482 1551 noster
507 1520 682 1562 proximus,

259 1567 393 1599 Genitus
421 1567 460 1598 de
487 1568 620 1610 virgine,

212 1615 273 1646 Pro
299 1616 390 1647 nobis
417 1615 618 1656 novissimus,

257 1663 325 1695 Rex
351 1665 382 1695 in
410 1664 490 1694 caeli
517 1665 654 1695 culmine

209 1711 327 1744 Factus
355 1716 404 1744 est
429 1712 635 1751 humillimus,

258 1759 375 1792 Frixus
401 1760 433 1792 in
460 1761 633 1801 sartagine,

211 1808 277 1839 Nos
303 1813 432 1849 raperet
458 1810 619 1848 potentius

257 1857 405 1890 Hostium
433 1857 594 1898 voragine.

150 1955 183 1988 3.
210 1951 328 1986 Poenis
353 1963 388 1986 se
413 1953 568 1996 innexuit,

258 2003 304 2036 Ut
329 2012 387 2034 nos
413 2011 432 2034 a
457 2003 569 2042 poenis
595 2001 745 2046 solveret,

207 2049 340 2082 Saccum
367 2054 511 2083 nostrum
537 2051 650 2087 texuit,

255 2098 300 2132 Ut
326 2098 490 2132 fallentem
517 2098 659 2136 falleret,

205 2146 335 2179 Funera
361 2147 524 2189 sustinuit,

256 2196 301 2230 Ut
318 2194 412 2228 funus
431 2200 575 2228 nostrum
590 2197 746 2237 vinceret,

207 2243 304 2276 Carni
329 2253 364 2276 se
387 2245 570 2286 immiscuit,

254 2292 298 2325 Ut
324 2301 420 2325 carne
446 2302 504 2324 nos
531 2293 717 2325 redimeret.

846 1087 878 1117 4.
909 1086 1034 1125 Pauper
1060 1095 1114 1117 rex
1144 1084 1291 1125 efficitur,

955 1134 996 1165 Ut
1023 1143 1147 1173 pauper
1173 1134 1262 1164 dives
1290 1133 1390 1175 tieret,

906 1182 1023 1213 Potens
1050 1182 1140 1221 prelo
1167 1183 1334 1222 premitur,

953 1229 995 1262 Ut
1022 1230 1180 1268 impotens
1207 1233 1400 1272 resurgeret,

905 1278 1054 1310 Christus
1078 1278 1285 1318 crucifigitur,

955 1327 997 1359 Ut
1014 1327 1106 1359 homo
1121 1327 1241 1357 caelum
1257 1326 1442 1368 scanderet,

906 1374 958 1406 Sol
987 1375 1130 1414 eclipsim
1158 1376 1289 1414 patitur,

954 1423 996 1456 Ut
1023 1423 1111 1454 sidus
1138 1423 1243 1454 lumen
1269 1426 1418 1456 sumeret.

846 1522 878 1552 ἴ.
905 1519 957 1551 Sic
984 1520 1062 1551 sorti
1089 1524 1216 1550 nostrae
1244 1520 1378 1551 miserae

953 1567 1096 1601 Contulit
1121 1567 1277 1602 subsidia.

905 1616 1005 1648 Duxit
1032 1617 1139 1656 lapsos
1166 1616 1286 1648 scelere

951 1665 1003 1695 Ad
1031 1664 1111 1695 caeli
1138 1663 1275 1703 fastigia,

904 1712 1019 1743 Mortis
1047 1712 1135 1743 vivus
1161 1722 1296 1752 asperae

954 1762 1069 1792 Passus
1099 1764 1147 1791 est
1174 1760 1315 1794 fastidia.

906 1809 949 1841 Ut
974 1812 1113 1847 sanaret,
1142 1809 1270 1848 viperae

951 1859 1035 1897 Quos
1061 1858 1199 1888 laeserat
1222 1857 1352 1889 invidia.

854 1956 878 1987 ¹.
906 1953 932 1985 O
958 1963 1050 1993 quam
1080 1954 1159 1984 mira
1185 1954 1270 1986 circa
1296 1963 1353 1984 nos

954 2002 1012 2034 Dei
1041 2002 1141 2042 patris
1169 2002 1319 2034 dilectio!

905 2050 947 2083 Ut
973 2051 1114 2082 salvaret
1140 2051 1294 2091 servulos,

952 2099 1024 2130 Non
1051 2099 1194 2138 pepercit
1221 2098 1297 2131 filio.

903 2147 928 2179 Ο
954 2155 1096 2178 summae
1120 2148 1281 2186 potentiae

950 2196 1050 2235 Quam
1077 2195 1224 2227 miranda
1250 2196 1367 2237 passio,

903 2243 1108 2276 Condicionis
1134 2244 1269 2276 miserae

950 2292 1050 2330 Quam
1078 2301 1193 2333 magua
1220 2293 1415 2332 redemptio!

185 2387 310 2416 Colleet.
331 2397 384 2416 me.
406 2387 620 2416 Llantoniense
640 2386 772 2423 miae&
795 2385 839 2415 13.
865 2387 945 2421 βοὰ.
967 2387 1043 2414 Coll.
1065 2386 1150 2423 Corp.
1165 2388 1277 2415 Christi
1290 2389 1441 2416 oxonieu.

110 2424 158 2455 59.
179 2441 217 2446 —
241 2425 266 2460 1,
286 2425 305 2454 4
326 2427 367 2454 Et
386 2427 511 2454 duxerat
532 2427 572 2454 in.
593 2424 881 2482 -k'AbSstht‘ifQ-'VPU
895 2425 972 2485 11ἶεν.
995 2427 1033 2453 Η.
1054 2425 1093 2453 Μ.
1116 2426 1281 2455 Bannister.
