1651 2680
716 106 760 112 —-
810 86 976 122 374-—

203 182 258 215 13.
283 183 309 215 O
335 188 480 221 pastores
503 183 689 222 animarum,

334 229 481 261 Oviculas
509 229 682 269 defendite,

286 277 471 309 Auscultate
497 286 572 317 ergo
598 286 710 317 parum

331 324 375 356 Et
401 325 529 357 verbum
557 325 724 358 attendite.

209 402 262 434 14.
290 403 425 442 Quorum
454 411 559 434 euram
588 403 766 443 recepistis,

336 450 494 481 Honorem
523 459 591 481 cum
619 459 724 489 onere,

287 498 350 529 Pro
375 497 489 537 quibus
517 502 602 529 certe
629 498 782 530 debuistis

333 545 439 576 Vitam
468 549 604 577 vestram
631 555 761 586 ponere,

202 622 257 655 15.
288 622 331 654 Ut
356 631 374 653 a
400 623 484 662 lupis
510 626 661 654 eruantur

334 669 375 701 Et
403 670 702 711 pseudoprophetis,

287 718 351 749 Per
368 727 445 756 quos
463 718 595 749 multum
610 717 816 760 infestantur,

329 765 373 796 Et
398 770 518 796 tantum
544 767 653 797 siletis.

889 183 943 215 16.
969 182 1037 215 Vos
1063 180 1208 214 reddetis
1233 181 1390 213 rationem

1016 229 1054 261 In
1083 229 1136 261 die
1160 228 1282 269 iudicii,

968 278 1141 317 Recepturi
1169 276 1320 308 talionem

1016 325 1118 365 Regni
1144 325 1193 357 vel
1219 323 1381 366 supplicii.

891 403 944 437 17.
971 404 996 436 Ο
1023 407 1099 442 quot
1124 402 1193 443 lupi
1219 411 1302 434 nunc
1327 410 1346 434 a
1370 409 1468 441 grege

1018 451 1139 482 Vorant
1165 450 1215 480 lac
1241 454 1273 481 et
1297 450 1414 489 lanam,

970 499 1013 530 Et
1039 498 1091 537 qui
1117 499 1227 530 vivunt
1253 498 1321 529 sine
1346 496 1427 537 lege,

1017 545 1182 577 Sectantes
1209 546 1293 577 viam
1319 554 1445 577 vanam.

889 623 945 657 18.
971 623 1173 662 Equitantes‚
1201 622 1393 654 cursitantes

1019 671 1080 702 Per
1105 678 1214 702 omnes
1240 669 1349 702 mundi
1376 669 1500 712 plagas,

969 718 1154 749 Vanitatem
1179 718 1353 755 imitantes,

1018 765 1213 805 Linquentes
1239 774 1314 797 oves
1339 774 1447 804 vagaS.

504 843 555 875 19.
584 844 721 881 Quarum
748 842 835 874 Deus
862 850 969 873 euram
995 845 1084 881 gerat

630 890 673 922 Et
697 892 846 930 protegat
869 890 953 929 illas,

584 937 661 969 Cum
688 938 792 969 salute
816 946 873 970 sua
898 936 981 969 ferat

631 986 683 1017 Ad
710 986 803 1018 sedes
829 986 1028 1025 tranquillas

799 1071 873 1104 VII.

198 1136 228 1169 1.
259 1137 324 1168 Vae
350 1136 449 1176 vobis,
476 1137 672 1177 hypocritae,
906 1139 925 1170 6

302 1184 354 1216 Sic
381 1184 505 1216 dicetur
531 1185 626 1223 clero,

256 1231 422 1263 Rationem
447 1231 575 1263 reddite

304 1280 416 1311 Coram
443 1280 511 1311 Deo
537 1289 622 1312 vero.

198 1357 229 1387 2.
259 1356 316 1394 Qui
342 1360 473 1394 peccata
499 1355 660 1389 hominum

305 1403 425 1442 lugiter
450 1404 639 1445 sumpsistis,

263 1451 324 1482 Pro
349 1450 462 1489 quibus
489 1451 576 1482 caelo
601 1451 769 1483 Dominum

306 1498 406 1530 Orare
432 1498 596 1532 debuistis,

201 1575 234 1606 3.
265 1575 326 1606 Pro
352 1575 466 1606 vestris
492 1575 664 1607 sceleribus

305 1622 374 1654 Non
402 1623 613 1661 paenituistis,

258 1669 321 1701 Sed
347 1679 427 1701 nova
455 1670 613 1702 veteribus

303 1717 435 1757 Semper
459 1717 640 1750 addidistis.

199 1796 231 1827 4.
259 1794 381 1834 Tumet,
406 1794 492 1825 iubet
519 1799 549 1825 et
575 1795 704 1827 inflatur

305 1843 426 1874 Doctor
452 1844 662 1883 decretorum,

258 1890 368 1922 Scriba
396 1891 473 1930 legis
500 1891 660 1923 exaltatur

304 1937 471 1969 Librorum
499 1947 672 1973 sacrorum.

197 2016 230 2047 5.
257 2014 290 2047 Si
316 2015 362 2046 sic
386 2015 472 2046 Deus
498 2016 682 2057 bonoratur,

304 2062 413 2094 Turba
438 2062 515 2096 felix
542 2064 664 2104 horum,

262 2110 334 2152 Sed,
363 2110 433 2149 heu,
461 2112 532 2150 plus
560 2112 788 2144 dehonestatur

307 2159 532 2190 Perversorum
559 2169 691 2193 morum.

884 2019 926 2050 10

550 2237 604 2269 11.
633 2237 722 2268 Inter
747 2237 826 2269 istos
850 2242 925 2268 sunt

930 1162 938 1170 .
965 1137 1093 1177 Pauper
1120 1138 1171 1169 hic
1198 1137 1374 1177 despicitur

1011 1185 1148 1216 Nummo
1175 1193 1244 1216 cum
1270 1185 1387 1227 albino,

963 1233 1027 1266 Sed
1055 1233 1144 1264 dives
1169 1233 1352 1273 respicitur,

1012 1280 1200 1312 Praefertur
1226 1289 1295 1312 cum
1322 1279 1436 1315 rufino.

931 1382 938 1389 .
965 1357 1036 1389 Non
1063 1357 1243 1397 ingreditur
1268 1357 1310 1389 ad
1338 1366 1391 1388 eos

1013 1404 1115 1436 Causa
1142 1405 1290 1444 vidualis,

966 1452 1041 1484 Sine
1067 1462 1194 1484 nummo
1221 1451 1298 1485 facit
1324 1461 1395 1484 reos

1018 1500 1224 1539 Quorundam
1254 1501 1434 1535 decretalis

966 1577 1029 1609 Pro
1055 1580 1119 1608 tam
1146 1577 1202 1608 vili
1228 1578 1332 1616 pretio

1012 1624 1087 1656 Iura
1112 1625 1255 1656 vendunt.
1281 1626 1373 1664 tales,

964 1673 1117 1712 Aequalis
1145 1673 1307 1714 discretio,

1011 1720 1168 1758 Quantum
1196 1720 1306 1760 habes,
1333 1721 1433 1756 vales.

931 1823 938 1829 .
967 1798 1041 1829 Post
1067 1797 1124 1829 hos
1149 1803 1259 1829 assunt
1286 1799 1445 1834 advocati,

1012 1845 1054 1876 Et
1081 1845 1282 1885 tabelliones,

964 1894 1024 1934 Qui
1050 1902 1122 1924 cum
1147 1893 1256 1925 multis
1282 1898 1357 1927 sunt
1382 1896 1500 1939 vocati,

1012 1941 1164 1973 Reddunt
1192 1942 1342 1978 rationes,

931 2045 937 2051 .
967 2019 998 2050 Si
1026 2027 1094 2049 cum
1122 2018 1232 2058 paucis
1259 2020 1322 2051 sint
1348 2020 1454 2061 electi,

1012 2066 1112 2104 Quam
1139 2066 1249 2098 felices
1274 2068 1334 2108 illi,

968 2114 1033 2147 Ubi
1059 2115 1147 2145 multi
1175 2118 1206 2145 et
1231 2115 1378 2154 perfecti.

1016 2161 1149 2203 Semper
1175 2167 1249 2194 sunt
1274 2165 1451 2204 tranquilli.

950 2238 1058 2271 devoti

681 2285 750 2315 Viri
775 2295 838 2317 non
864 2290 1019 2329 errantes,

633 2332 760 2364 Summo
786 2333 853 2364 Deo
879 2333 958 2365 bene
984 2334 1051 2365 noti

681 2380 837 2412 Iustitiam
865 2385 1034 2415 sectantes,
