1651 2680
178 480 208 510 2.

179 1212 209 1242 [Q

697 92 935 128 -18-

680 189 741 220 Ad
775 188 955 220 Laudes,

237 260 262 292 Ο
289 263 399 290 saneta
425 258 511 289 Deus
535 257 677 296 trinitas,
859 257 891 289 3.
918 255 1016 288 Cuius
1039 255 1074 287 in
1097 256 1190 289 nobis
1215 264 1348 287 munera

237 307 284 338 De
309 317 369 346 qua
395 309 575 336 sanctorum
602 304 768 342 sanctim,
921 302 1094 335 Conservet
1118 304 1176 336 illa
1202 304 1346 340 dextera,

236 355 281 386 Te
307 354 482 390 laudamus,
510 352 673 384 sanctifica

237 402 393 433 Donando
416 400 506 431 nobis
533 401 661 433 caelica.

919 351 1006 389 Quae
1030 351 1199 384 benedicet
1224 351 1383 390 credulos,

919 397 1117 438 Reprobabit
1142 399 1336 432 incredulos.

235 479 375 510 Trinitas
401 475 570 508 ineffabilis
860 477 892 507 4.
920 475 1061 507 Trinitas
1086 475 1263 515 individua,

236 526 410 564 Unitnsque
436 524 619 563 laudabilis,
918 522 985 554 Nos
1011 527 1066 554 tua
1091 524 1145 554 lux
1171 527 1328 563 perpetua.

238 574 395 604 Instantes
421 572 483 602 tuis
510 572 656 603 laudibus
917 570 961 602 Et
985 580 1005 602 a
1030 571 1189 602 damnatis
1215 575 1361 610 segreget

237 621 327 652 Veris
354 620 419 651 dita
446 619 637 650 muneribus.
917 617 959 650 Et
985 626 1055 649 cum
1081 618 1183 650 beatis
1208 618 1370 658 adgreget.

532 698 562 728 5.
591 695 637 728 Sit
664 693 733 732 tibi,
760 699 870 726 sancta
895 694 1033 732 trinitas,

592 743 706 780 Decus,
734 741 843 782 honor,
870 742 1061 782 sublimitas,

590 791 745 831 Potestas,
773 789 958 826 dominatio,

592 837 756 876 Maiestas,
784 836 988 868 collaudatio.

677 922 738 954 Ad
765 923 955 954 Primam.

206 1018 211 1022 .
244 993 345 1028 i'atcr,
373 994 498 1021 creator
523 991 673 1029 omnium,
866 991 898 1022 3.
926 988 1070 1019 Nudatos
1096 997 1114 1019 a
1139 988 1325 1020 criminibus

923 1036 1009 1067 Orna
1035 1036 1185 1067 virtutum
1212 1034 1345 1067 floribus

923 1083 967 1114 Et
991 1084 1024 1114 in
1051 1084 1195 1123 polorum
1221 1083 1354 1115 sedibus

238 1042 357 1070 (uincta
385 1047 494 1069 creans
521 1047 582 1077 per
607 1038 718 1076 filium,

238 1088 379 1126 Accepta
406 1092 531 1116 nostros
556 1087 691 1125 gemitus

240 1136 300 1166 Per
327 1135 441 1165 donum
469 1134 571 1164 sancti
597 1133 739 1172 spiritus.
924 1132 991 1162 Fac
1016 1131 1103 1172 iungi
1130 1141 1199 1163 cum
1224 1130 1384 1165 felicibus,

238 1212 262 1241 O
289 1210 442 1241 trinitatis
468 1210 572 1241 unitas
865 1211 896 1241 4.
925 1208 971 1239 Sit
998 1208 1068 1239 laus
1095 1209 1179 1250 patri
1206 1216 1265 1247 per
1290 1209 1419 1241 saecula

240 1258 278 1288 Et
306 1258 435 1289 unitatis
461 1258 599 1295 trinitas,
921 1257 1076 1295 Agnoque
1102 1257 1170 1287 sine
1196 1256 1332 1295 macula,

239 1307 300 1336 l'ro
325 1310 378 1336 tuo
405 1310 514 1336 sancto
541 1305 666 1336 nomine

237 1353 383 1384 Emunda
410 1362 466 1382 nos
492 1361 510 1383 a
536 1353 678 1385 erimine.

922 1303 969 1334 Sit
995 1303 1064 1334 laus
1091 1308 1201 1334 sancto
1227 1303 1367 1343 spiritui,

923 1354 990 1388 Quo
1016 1360 1194 1382 mereamur
1221 1349 1353 1389 perfrui.

673 1437 734 1468 Ad
767 1437 969 1470 Tertiam.

184 1505 214 1536 1.
244 1505 431 1536 (selestiani
457 1515 512 1536 rex
540 1505 710 1544 agminum,
867 1506 898 1536 3.
927 1506 1083 1535 caventes
1109 1514 1127 1535 a
1153 1503 1324 1543 prohibitis

243 1553 303 1584 Fili
332 1552 516 1591 redemptor
544 1553 713 1589 hominum,
926 1551 1061 1583 Utamur
1089 1552 1167 1582 bene
1194 1551 1301 1589 licitis,

241 1601 429 1632 consolator
455 1601 674 1637 maerentium,
927 1599 971 1631 Ut
1001 1600 1194 1638 gaudeamus
1221 1599 1349 1638 gaudio,

242 1649 306 1680 Fer
330 1648 455 1679 miseris
481 1648 644 1679 solacium.
926 1646 994 1685 Quo
1021 1648 1100 1678 caeli
1126 1647 1240 1687 gaudet
1269 1647 1386 1680 contio,

182 1726 213 1756 2.
243 1726 267 1756 O
295 1724 475 1755 veneranda
502 1724 637 1765 trinitas,
869 1726 900 1756 4.
928 1723 1089 1762 Trinitati‚
1117 1733 1210 1764 quam
1237 1723 1410 1764 credimus,

241 1773 309 1803 Tua
335 1771 426 1803 nobis
453 1771 631 1811 benignitas
928 1772 1110 1802 Adoranius
1137 1777 1167 1802 et
1193 1772 1336 1812 colimus,

243 1820 424 1859 §necui-rat,
452 1828 491 1850 ne
518 1818 675 1859 fragilitas
930 1819 977 1850 Sit
1003 1820 1177 1859 gratiarum
1204 1821 1298 1862 actio,

239 1867 306 1899 Nos
331 1868 437 1899 trahat
461 1867 503 1898 ad
529 1875 580 1898 res
606 1866 731 1898 vetitas.
929 1867 1022 1898 Salus
1048 1872 1078 1899 et
1106 1868 1298 1900 benedictio.

687 1953 749 1985 Ad
782 1953 963 1986 Sextam.

186 2021 216 2054 1.
245 2020 378 2052 Genitor
401 2019 580 2060 ineffabilis,
871 2023 903 2054 3.
929 2021 980 2052 Ex
1006 2026 1038 2052 te
1064 2023 1148 2054 vitae
1174 2022 1379 2063 principium,

244 2068 349 2108 lpsius
375 2070 481 2107 proles
507 2068 631 2107 parilis,
930 2070 992 2101 Per
1017 2074 1048 2101 te
1076 2071 1159 2102 vitae
1185 2070 1374 2108 remedium,

246 2117 404 2147 Paraclitc
431 2116 616 2151 consimilis,
930 2118 966 2148 In
992 2122 1024 2149 te
1050 2118 1135 2149 vitae
1160 2118 1324 2157 solacium,

241 2164 404 2196 Memento
428 2164 512 2194 vitae
541 2163 675 2204 fragilis
928 2165 979 2196 Da
1003 2166 1095 2197 nobis
1123 2166 1206 2198 vitae
1231 2165 1421 2205 praemium.

187 2243 220 2274 2.
249 2241 345 2273 Proui
371 2249 477 2271 suiuus
504 2244 534 2270 et
560 2239 688 2281 fragiles
875 2244 907 2274 4.
935 2242 1026 2274 Patri
1053 2251 1123 2273 cum
1149 2242 1310 2282 unigenito

247 2289 300 2322 Ad
325 2288 521 2328 peccandum
547 2292 577 2319 et
604 2288 736 2330 habiles,
934 2289 978 2322 Et
1004 2290 1119 2330 spiritu
1143 2290 1301 2330 paraclito

247 2337 316 2368 Tua
341 2336 561 2367 misericordia
935 2337 983 2369 Sit
1008 2339 1158 2370 maiestas
1185 2342 1216 2369 et
1241 2339 1354 2382 gloria,

241 2385 308 2417 Nos
334 2385 419 2417 levet
444 2394 463 2416 a
489 2385 628 2417 miseria.
933 2385 1081 2418 Potestas
1107 2390 1139 2418 et
1164 2387 1309 2419 victoria.
