1651 2680
694 107 856 142 —281
910 127 954 132 —

581 199 650 230 245.
693 200 734 230 De
755 202 865 232 sancta
886 200 1076 232 Katharina.

248 274 329 310 Ave,
357 271 445 310 virgo
470 269 662 304 Katharina.

245 321 373 359 Martyr
396 322 507 351 sancta
534 321 565 349 et
593 320 714 359 regina,

249 369 390 401 Patrona
415 376 486 398 mea
511 367 671 408 specialis,

248 413 393 448 Defende
421 423 470 445 me
496 423 515 444 a
541 416 664 446 cunctis
691 416 793 449 malis.

189 467 220 497 5.
247 464 418 503 Memento,
445 462 528 502 quod
554 462 730 504 obtinuisti,

247 510 407 552 Quidquid
433 520 492 551 pro
519 511 610 542 nobis
637 511 789 553 petivisti,

246 560 291 593 Ut
317 558 426 590 divina
452 568 512 590 vox
539 559 724 598 spopondit,

249 610 335 647 Quae
361 606 420 637 tibi
447 607 556 638 taliter
582 607 768 648 respondit:

249 655 404 688 Constans
431 659 518 692 esto,
547 664 617 686 mea
643 654 791 697 formosa,

166 705 221 737 10.
248 705 276 736 A
303 711 352 734 me
378 703 437 734 tibi
464 707 607 743 potestas
633 704 736 745 datur,

937 273 1039 312 Quod,
1059 272 1239 313 quicunque
1257 274 1289 303 te
1304 276 1485 312 veneratur,

941 321 976 352 In
1004 321 1212 352 tribulatione
1238 330 1368 352 securus

940 370 988 399 Ac
1015 369 1046 400 iu
1074 368 1166 399 bonis
1193 377 1430 408 permansurus.

940 416 1152 456 Quapropter,
1183 418 1270 456 virgo
1295 417 1486 455 Katharina‚

906 490 912 496 .
941 464 1069 504 Martyr
1096 464 1189 495 beata
1216 469 1247 495 et
1274 465 1392 503 regina,

941 513 1019 544 Cum
1046 516 1188 552 potestas
1216 513 1256 543 sit
1283 512 1340 542 tibi
1369 513 1454 551 data,

940 560 1026 591 Tuos
1054 559 1185 591 devotos
1212 561 1259 591 sic
1287 560 1429 594 defendi,

942 608 987 639 Ut
1014 616 1173 646 nunquam
1201 608 1322 648 possint
1350 608 1491 649 offendi,

941 655 994 686 Me
1020 664 1107 686 suine
1135 655 1192 686 sub
1220 660 1305 686 tuum
1326 656 1491 698 iuvantem

856 705 910 736 20.
941 701 1488 747 Utsissempernobiscum[Amenl.

240 788 319 815 Orat.
346 797 400 814 ms.
422 788 622 815 Lamhavense
654 798 728 815 saec.
761 787 834 816 ¹⁵l1e.
876 788 947 815 Cod.
970 788 1146 815 Lambaeen.
1176 788 1240 815 7515.
1270 803 1305 807 -—-
1334 788 1351 815 ⁴2
1372 793 1399 816 et
1421 789 1492 815 felix

164 829 274 864 regina.
303 843 337 846 -
360 825 376 852 7
399 826 438 853 Et
459 827 570 854 divina.
593 841 630 845 —
654 826 688 854 12
710 828 743 853 In
766 829 844 854 omni
869 827 1060 854 tribulatione
1083 828 1138 852 erit
1160 836 1288 853 securus.
1312 842 1346 845 —
1365 827 1399 854 14
1414 830 1491 862 (με.-

163 870 281 901 propter
301 874 317 891 o
339 865 426 892 beata
448 867 541 899 virgo.
564 880 600 883 —
626 865 658 892 15
682 868 767 892 beata
789 867 870 893 fehlt.

577 995 645 1026 246.
689 996 729 1025 lle
752 998 863 1027 sancta
886 996 1076 1028 Katharina.

247 1078 355 1109 Aurea
382 1077 452 1107 vale
480 1076 614 1115 virgula,

245 1124 435 1161 Kafflerina,
459 1125 646 1155 munuscula

247 1173 343 1213 Cape,
372 1181 452 1211 quae
479 1172 588 1211 corde,
617 1173 741 1204 cartula

248 1220 343 1252 Solvo
370 1220 442 1256 tibi,
468 1229 558 1261 quem
587 1221 724 1252 tremula

187 1273 219 1302 5.
247 1268 401 1301 Detinent
429 1268 480 1300 hic
507 1270 680 1308 ergastula.

246 1318 337 1350 Haec
362 1325 396 1348 es
420 1320 558 1357 experta
584 1317 719 1356 pravula

247 1365 394 1397 Delicata
422 1365 575 1404 puellula,

249 1414 346 1446 Pasta
373 1413 492 1444 Christi
519 1413 654 1446 avicula.

247 1462 353 1500 Salve,
380 1461 501 1494 Christi
529 1461 698 1500 discipula,

163 1511 219 1542 10.
247 1510 318 1542 Tua
341 1518 392 1540 me
416 1510 538 1548 stringe
564 1509 663 1541 fibula

246 1558 289 1590 Et
315 1561 427 1589 contra
453 1557 558 1590 carnis
585 1558 715 1589 stimula

245 1605 400 1638 Refrenet
425 1609 480 1637 tna
506 1604 621 1638 ferula.

944 1080 989 1110 Te
1018 1079 1184 1118 deprecor,
1209 1079 1253 1109 sis
1281 1078 1392 1108 sedula

942 1126 1015 1157 Men
1044 1126 1181 1165 diligens
1206 1126 1336 1165 specula

883 1195 915 1205 ..
944 1174 985 1204 Et
1012 1180 1133 1205 scutum
1162 1179 1274 1206 contra
1301 1174 1425 1213 spicula

942 1222 1088 1261 Inimici3
1117 1226 1150 1252 tu
1179 1222 1303 1254 vincula

944 1270 1071 1301 Peccati
1098 1270 1186 1301 solve
1212 1270 1347 1309 singula.

942 1318 992 1349 Sis
1019 1322 1090 1357 post
1120 1318 1203 1349 vitae
1230 1318 1389 1349 curricula

942 1366 1066 1397 Fidelis
1095 1366 1158 1396 dux
1186 1376 1223 1397 ac
1250 1367 1356 1405 regula

908 1439 914 1445 .
946 1415 995 1445 Ad
1026 1414 1105 1445 caeli
1132 1414 1351 1447 tabernacula.

943 1462 1007 1494 Ubi
1035 1467 1147 1501 parata
1175 1462 1293 1501 pabula

941 1511 1083 1542 Aeterna
1109 1510 1177 1541 sinc
1206 1511 1337 1549 crapula

943 1559 1209 1598 sempiternaque
1237 1559 1361 1600 poeula.

941 1607 1048 1647 Virgo,
1077 1607 1148 1637 vale
1174 1616 1232 1646 per
1256 1607 1393 1638 saecula.

240 1692 310 1719 Cod.
339 1692 482 1719 Oxonien.
512 1691 604 1718 Laud.
633 1691 759 1718 Miscell.
789 1690 833 1719 75.
864 1700 939 1719 saec.
972 1692 1014 1719 14.
1048 1707 1077 1710 —
1115 1691 1148 1719 19
1175 1694 1267 1727 vigila
1295 1692 1491 1719 wahrschcin-

161 1729 220 1756 lich
243 1730 379 1757 Schreib-
402 1731 472 1757 oder
492 1730 670 1758 Lesefehler.
687 1744 724 1748 —
746 1730 897 1758 Abschrift
918 1740 974 1757 von
996 1732 1067 1758 Rev.
1092 1732 1127 1757 H.
1148 1732 1185 1757 M.
1211 1732 1375 1758 llannistor.

585 1863 654 1893 247.
679 1864 720 1894 De
742 1864 854 1894 sancta
876 1862 1066 1894 Kainai-ina.

188 1945 218 1976 1.
247 1945 272 1977 O
299 1945 392 1976 beata
419 1944 610 1981 Katherina,

247 1993 343 2034 Virgo
369 1993 510 2024 clemens
537 1997 567 2023 et
595 1993 744 2034 benigna,

244 2042 306 2073 Per
331 2044 364 2072 te
389 2042 507 2081 possim
535 2041 576 2072 ad
605 2041 714 2073 divina

242 2089 418 2122 Pervenire
443 2089 570 2130 gaudia.

182 2226 214 2259 2.
242 2224 434 2267 Katherina,
463 2226 552 2265 virgo
576 2225 640 2265 pia,

242 2274 342 2307 Cuius
367 2271 458 2304 fideli
482 2273 598 2313 sophia

241 2322 417 2354 Doctorum
445 2321 651 2362 philosophia

242 2370 333 2402 Vana
360 2367 422 2401 fuit
447 2373 480 2402 et
505 2368 649 2410 confusa,

240 2419 347 2452 Deum
372 2417 451 2450 mihi
477 2417 622 2460 pacifica.

882 1946 913 1976 3.
942 1945 1132 1985 Katherina,
1162 1945 1252 1984 virgo
1279 1948 1377 1982 casta,

943 1993 1041 2032 Virgo
1068 1993 1210 2032 prudens
1238 1998 1267 2024 et
1297 1992 1440 2032 honesta⁷

942 2042 1040 2081 Virgo
1068 2041 1153 2072 mitis
1182 2045 1210 2071 et
1241 2041 1396 2074 modesta.

937 2090 1027 2129 Roga
1055 2090 1166 2129 Deum,
1193 2093 1229 2121 ut
1254 2090 1395 2121 lamenta

941 2138 1015 2169 Meu
1044 2142 1148 2169 vertat
1174 2138 1205 2169 in
1232 2138 1359 2178 gaudia.

906 2249 913 2256 .
944 2225 1132 2262 Katherina‚
1160 2225 1312 2264 templum
1341 2225 1411 2261 Dei,

944 2273 1003 2304 Per
1030 2278 1061 2304 te
1087 2277 1293 2312 sumpserunt
1317 2272 1393 2304 tidei

942 2321 1115 2353 Veritatem
1141 2321 1336 2360 philosophi,

945 2369 1004 2400 Per
1030 2373 1061 2401 te
1087 2369 1168 2400 salvi
1195 2374 1267 2401 sunt
1294 2369 1397 2400 effecti

941 2417 983 2449 Et
1009 2418 1041 2449 in
1068 2417 1164 2449 caelis
1192 2418 1345 2450 coronati.
