1651 2680
691 79 953 114 —380—

176 175 231 205 ‘2:3.
259 175 349 206 Inter
374 174 448 205 colli
475 173 602 206 vincula

171 640 225 671 24.

303 221 446 260 suspirat
470 222 504 253 in
528 222 631 261 malis,

254 268 365 300 Maior
391 267 512 301 formae
539 269 636 300 decor
659 272 707 300 est

305 325 398 356 quam
424 316 553 356 squalor
578 316 732 356 poenalis,

257 364 282 395 F
286 372 393 395 uscam
421 365 468 396 sol
495 369 669 404 exusserat,

304 412 361 443 sed
391 412 496 443 vultus
520 413 646 454 regalis,

255 460 342 491 Inter
369 459 444 491 Sion
470 459 552 491 filias

301 507 389 538 nulla
414 506 474 538 fuit
500 507 585 539 talis.

255 640 361 679 Igitur
388 649 442 671 rex
468 639 584 671 nobilis

303 692 334 718 et
363 688 427 718 veri
457 688 580 719 decoris

255 734 412 774 Sponsam
439 736 564 775 quaerit
591 735 738 774 nobilem,

301 784 397 814 tantis
425 783 551 823 dignam
578 784 689 821 thoris,

253 830 294 861 Et
322 840 401 868 quae
430 831 509 862 tanti
535 832 644 869 gaudii

304 878 399 916 digna
425 879 475 917 sit,
504 878 630 909 honoris

256 926 298 958 Ut
326 925 423 956 intret
450 926 616 965 palatium,

305 972 403 1004 :livini
430 974 557 1005 amoris.

220 1130 226 1137 .
255 1106 315 1136 Ille
342 1107 442 1144 patris
470 1107 579 1138 unicus

302 1154 332 1184 in
360 1153 440 1184 hanc
467 1155 643 1195 aestuabat,

255 1202 511 1241 Paranymphum
539 1202 653 1242 virgini

303 1249 472 1288 statimque
498 1249 634 1289 legabat,

263 1296 365 1327 Patris
392 1295 524 1328 formam
554 1298 667 1337 virgini

302 1344 471 1384 plurimum
499 1344 661 1384 laudabat,

255 1392 343 1430 Quis,
365 1392 469 1430 qualis
495 1396 525 1422 et
550 1393 635 1423 unde
661 1392 713 1431 sit,

303 1438 379 1478 quid
406 1440 492 1477 velit,
520 1440 703 1472 mandabat.

171 1572 175 1579 ¹
219 1593 225 1599 .
253 1566 358 1598 David
386 1576 455 1598 cum
480 1568 633 1607 psalterio

301 1624 449 1654 sponsam
477 1615 627 1647 salutavit

252 1662 294 1693 Et
321 1662 577 1700 epithalamicum

301 1719 427 1741 carmen
455 1711 635 1754 exsultavit⁷

253 1758 353 1789 Isaias
379 1758 512 1797 gloriam

299 1806 407 1845 sponsi
434 1806 653 1849 proclamavit,

254 1853 486 1893 Prophetarum
513 1855 648 1894 quilibet

299 1902 383 1933 idem
410 1903 579 1937 nuntiavit,

184 2033 189 2045 ¹
218 2055 226 2062 .
254 2029 350 2069 Virgo
378 2029 473 2061 decus
499 2031 632 2063 audiens

299 2077 381 2115 regis
407 2082 439 2108 et
465 2078 623 2120 decorem,

252 2124 393 2164 Regnum
421 2129 452 2156 et
478 2125 618 2165 divitias,

299 2173 439 2204 thesauri
467 2174 615 2215 nitorem,

251 2219 295 2252 Ut
320 2221 459 2260 Aegypti
487 2226 579 2253 exeat

300 2268 479 2308 squalidum
505 2267 670 2308 foetorem,

250 2315 369 2349 Servus
395 2317 477 2356 regis
503 2318 646 2356 sequitur

298 2364 489 2406 promittens
514 2374 664 2400 amorem.

861 175 918 208 28.

864 643 919 674 39.

860 1109 914 1140 30.

857 1570 913 1602 31.

857 2033 911 2067 32.

943 173 1126 208 Procedant
1150 173 1190 206 de
1215 173 1365 206 thalamis

992 221 1080 253 chori
1106 221 1297 262 puellarum,

945 271 1046 302 Laeta
1071 271 1197 310 replent
1223 270 1328 310 spatia

993 321 1101 349 coetus
1125 318 1317 358 reginarum,

944 365 1054 405 Fides,
1081 375 1164 409 spes,
1191 365 1354 398 humilitas

994 416 1026 444 et
1050 418 1152 445 mater
1177 421 1286 446 earum

944 459 1115 493 Ordinavit
1140 462 1258 494 caritas

993 508 1080 540 cibos
1105 509 1300 550 nuptiarum.

947 642 1040 674 Stant
1065 642 1324 674 adulescentulae

992 690 1082 721 vultu
1108 690 1288 730 decoratae,

943 739 1062 769 Astant
1087 747 1195 778 regum
1221 738 1306 769 filiae

992 794 1128 824 sponsae
1154 790 1376 825 praeparatae,

943 832 1144 864 Indumentis
1170 833 1268 864 variis

991 880 1141 911 decenter
1166 885 1309 920 ornatae,

945 928 989 960 Ut
1016 928 1125 968 regina
1151 928 1319 966 splendeat

993 976 1026 1006 in
1054 976 1217 1008 varietate.

941 1109 1065 1148 Sponsa
1090 1110 1169 1148 petit
1197 1109 1339 1141 osculum

990 1157 1193 1194 copulantum
1221 1166 1318 1197 more,

940 1203 1081 1243 Sponsus
1107 1213 1243 1244 sponsae
1270 1204 1402 1245 virginis

988 1252 1105 1292 gaudet
1131 1253 1162 1284 iu
1189 1261 1307 1293 amore,

941 1299 1031 1330 Zelat
1058 1300 1142 1339 regis
1167 1309 1344 1340 purpuram

990 1351 1021 1377 et
1046 1356 1128 1378 novo
1154 1348 1326 1386 splendore

941 1394 1042 1425 Sumit
1068 1399 1189 1426 vestem
1216 1396 1255 1426 de
1283 1396 1383 1428 Bosra

989 1441 1120 1473 tinctam
1147 1443 1179 1474 in
1206 1443 1331 1476 rubore.

940 1571 1156 1611 Supernorum
1183 1573 1268 1603 acies

987 1622 1017 1650 et
1045 1619 1133 1650 chori
1160 1620 1353 1660 psallentum

938 1670 1110 1705 Quaerunt,
1137 1668 1222 1699 unde
1248 1669 1361 1701 rubeat

985 1715 1068 1754 regis
1094 1716 1333 1755 indumentum;

941 1762 1033 1793 Latet
1060 1763 1111 1794 hic
1136 1765 1324 1805 mysterium

988 1814 1018 1842 et
1045 1811 1104 1842 hoc
1129 1815 1356 1853 tegumentum,

939 1858 1019 1897 Quia
1044 1864 1203 1899 sumptum
1231 1869 1269 1891 ex
1294 1861 1400 1894 Edom

987 1905 1049 1937 fuit
1074 1911 1106 1938 et
1129 1908 1305 1942 inventum.

939 2034 1021 2066 Inde
1046 2035 1155 2075 spousi
1181 2035 1322 2070 thalamo

987 2088 1201 2122 praeparatur
1225 2085 1340 2127 lectus,

940 2130 977 2161 In
1002 2139 1064 2169 quo
1090 2130 1150 2162 sibi
1177 2133 1307 2172 copulat

987 2177 1137 2210 dilectam
1163 2178 1310 2222 dilectus,

938 2225 980 2257 Et
1006 2228 1040 2256 ut
1065 2235 1200 2266 sponsus
1227 2231 1352 2268 pectori

987 2282 1124 2314 sponsae
1149 2275 1259 2316 iungat
1284 2282 1398 2318 pectus

937 2321 991 2353 Sic
1015 2321 1048 2353 in
1075 2331 1224 2364 sponsam
1251 2325 1363 2360 defluit

986 2369 1133 2403 caelestis
1159 2370 1303 2408 affectus.

1402 2306 1409 2322 5
