1651 2680
199 192 254 224 15.
281 191 386 230 Salve,
413 189 498 220 clara
525 189 627 220 crucis
653 198 725 228 ara,
881 189 936 222 18.
964 188 1069 229 Salve,
1095 199 1190 222 verae
1215 199 1288 230 spes
1313 188 1437 227 salutis,

330 237 458 270 Rubens
483 237 556 276 agni
582 237 745 277 sanguine,
1011 238 1073 270 Per
1096 247 1190 278 quam
1215 237 1252 270 fit
1276 235 1468 276 redemptio,

282 288 381 326 Quam
408 284 557 323 sacravit,
583 285 637 326 qui
659 294 716 316 nos
732 285 813 316 lavit
964 285 1047 316 Dum
1071 286 1245 325 longaevae
1269 284 1432 316 servitutis

328 334 380 365 Ab
406 332 535 371 antiquo
562 332 703 371 crimine,
1014 333 1149 365 Abiecto
1176 332 1317 365 dominio

282 382 341 420 Qui
361 389 418 421 per
436 388 560 411 crucem
580 389 636 411 nos
654 380 695 411 ad
709 381 811 412 lucem
968 379 1031 412 Suo
1056 390 1181 412 servum
1208 390 1264 412 rex
1290 380 1416 411 virtutis

329 428 442 461 Traxit
469 437 486 458 a
513 428 657 467 caligine.
1016 429 1170 461 sublimat
1197 428 1341 468 imperio.

203 526 258 556 15.
287 524 393 559 Salve,
422 532 508 558 crux,
536 532 628 562 quam
653 523 816 562 insignivit
890 524 943 555 19.
973 523 1034 554 Per
1059 528 1090 554 te
1115 526 1224 554 nostra
1248 523 1313 554 sint
1338 524 1470 561 accepta

331 572 384 603 Sui
412 571 517 601 vultus
543 571 672 603 lumine.
1018 571 1144 602 Christo
1169 570 1336 607 sacrificia,

285 620 318 650 ln
345 628 405 659 qua
431 619 528 649 semel
555 618 760 653 obdormivit,
970 618 1075 649 Morte
1101 618 1189 649 cuius
1217 618 1394 656 intercepta

331 667 389 705 Qui
416 670 507 696 natus
538 666 576 697 de
604 666 725 705 virgine
1017 666 1132 697 Mortis
1159 670 1231 697 sunt
1256 665 1400 704 imperia.

283 714 414 753 Semper
441 718 560 754 regnat,
590 722 716 752 semper
733 713 812 745 vivit
969 713 1085 750 Prosit,
1112 721 1236 753 precor,
1263 719 1293 745 et
1319 717 1450 752 accepta

331 762 416 793 Deus
443 770 498 791 ens
524 762 555 791 in
583 761 719 793 homine.
1020 761 1176 792 Salutaris
1198 761 1312 792 hostia.

202 859 253 890 17.
282 858 375 889 Mons
391 857 545 893 sublimis,
563 866 650 887 mons
667 857 813 895 provisus
889 857 943 888 20.
972 856 1035 888 Cor
1061 865 1240 895 expurgans
1265 866 1284 887 a
1309 855 1451 895 peccatis

328 907 356 937 A
386 914 490 935 rerum
517 904 704 944 primordio,
1017 903 1170 943 Omnique
1197 903 1351 943 spurcitia

283 954 318 983 ln
345 961 405 992 quo
433 952 522 982 nobis
550 961 645 983 causa
673 946 755 983 risus
972 950 1047 982 Post
1075 955 1202 982 eructae
1228 950 1377 982 vanitatis

331 1000 451 1032 Christi
478 999 538 1030 fuit
564 1000 680 1038 passio,
1017 998 1142 1038 Lapsus
1169 1003 1200 1029 et
1225 997 1364 1030 ludibria

283 1048 343 1079 Pro
369 1056 430 1086 quo
459 1056 574 1078 vervex
602 1051 648 1077 est
678 1047 811 1087 occisus,
971 1046 1036 1076 Nos
1063 1047 1105 1076 ad
1132 1055 1261 1085 regnum
1289 1045 1444 1076 claritatis

332 1096 371 1128 Ut
401 1099 551 1133 parcatur
577 1094 653 1126 tilio.
1019 1094 1103 1125 Crux
1130 1094 1261 1124 reducat
1288 1093 1430 1132 praevia.

263 1181 422 1206 vulla-tan.
445 1189 496 1205 nis.
519 1181 751 1205 ‘'irencestrense
776 1187 852 1206 saec,
877 1177 919 1205 13.
961 1179 1032 1204 Cod.
1057 1176 1180 1205 Parisin.
1204 1176 1312 1204 11867.

652 1330 690 1358 til.
734 1329 773 1359 De
794 1330 908 1358 sancta
930 1329 1035 1358 cruce.

363 1429 477 1461 Forma
504 1428 606 1458 crucis
633 1432 762 1458 sanctae
788 1427 846 1459 tibi
873 1431 959 1458 retro
985 1437 1110 1467 semper
1135 1432 1167 1458 et
1191 1433 1284 1466 aute3

362 1476 408 1508 Sit
438 1484 513 1505 crux
540 1475 571 1505 in
599 1476 705 1515 corde,
733 1484 810 1506 crux
838 1483 980 1515 corpore,
1011 1485 1086 1506 crux
1113 1476 1152 1506 sit
1172 1476 1202 1506 in
1231 1484 1305 1515 ore3

360 1525 447 1555 Crux
472 1523 529 1553 tibi
556 1523 596 1553 sit
623 1523 770 1553 redolens
797 1527 829 1554 et
856 1522 941 1553 dulci
968 1523 1064 1561 plena
1087 1532 1221 1564 sapore3

361 1573 446 1603 (frux
475 1570 579 1601 lumen
607 1571 721 1610 vultus,
749 1571 807 1601 tibi
833 1570 875 1600 sit
901 1579 978 1601 crux
1003 1571 1104 1610 gloria
1130 1572 1252 1610 virtus3

306 1623 335 1651 5.
365 1618 448 1650 Crux
475 1618 575 1649 oculis
601 1627 705 1649 coram
733 1617 792 1649 tibi
818 1617 859 1649 sit
884 1626 942 1648 nec
970 1618 1051 1649 desit
1077 1619 1117 1650 ad
1144 1619 1274 1660 horam3

364 1666 446 1698 Crux
473 1665 617 1696 manibus
645 1666 746 1707 detur,
775 1674 851 1696 crux
879 1665 1008 1696 auribus
1034 1667 1229 1706 associetur3

363 1716 450 1746 Intus
478 1718 508 1744 et
534 1713 673 1744 exterius
700 1713 758 1744 tibi
785 1721 911 1752 semper
938 1718 967 1744 et
994 1714 1134 1753 undique
1160 1715 1201 1746 sit
1229 1724 1326 1755 crux;

363 1762 447 1794 Crux
474 1761 532 1792 tibi
558 1761 597 1791 sit
625 1761 735 1792 saltem
762 1761 884 1792 vicibus
911 1762 1077 1792 meditatio
1102 1766 1243 1803 septem3

361 1809 406 1841 Sit
434 1809 492 1839 tibi
518 1817 621 1840 sermo
649 1809 750 1839 crucis
775 1808 863 1848 quasi
889 1807 959 1840 fons
986 1813 1016 1840 et
1043 1811 1135 1849 copia
1161 1811 1261 1851 lueis;

280 1860 332 1890 1⁴).
362 1859 395 1890 In
424 1866 516 1888 cruce
542 1861 667 1888 sacrata
694 1856 753 1887 tibi
779 1857 819 1887 sit
848 1856 922 1887 data
949 1857 1014 1888 vita
1040 1857 1144 1891 beata.

192 1978 216 1980 Ὗ
264 1946 344 2002 [zrat.
378 1951 428 1969 nis.
457 1942 613 1969 Caelestia.
645 1942 673 1967 S.
703 1942 813 1968 Mariae
843 1941 878 1967 de
906 1942 1037 1969 Parisius
1066 1952 1140 1970 saec.
1172 1942 1215 1971 15.
1264 1944 1334 1972 Cod.
1363 1945 1506 1972 Mazarin.

185 1979 274 2009 :ison
289 1979 353 2012 πώ).

535 2092 581 2122 62.
625 2092 663 2122 De
686 2091 833 2123 passione
855 2093 885 2122 et
910 2093 1004 2123 eruce
1027 2093 1157 2124 Domini.

384 2191 470 2222 Talis
496 2200 529 2223 es
556 2195 586 2222 et
613 2196 710 2229 tanta,
737 2190 880 2223 crucifixi
906 2193 1014 2231 passio
1040 2197 1161 2232 sancta,

382 2239 471 2277 Quod
500 2240 539 2270 de
564 2243 595 2270 te
621 2239 692 2281 fari,
720 2249 802 2271 nunc
829 2239 979 2282 scribere,
1008 2250 1093 2272 nunc
1117 2242 1280 2283 meditari,

383 2287 442 2325 Qui
468 2287 526 2318 tibi
551 2291 625 2319 sunt
650 2288 725 2329 cari,
754 2296 913 2328 nunquam
941 2288 1059 2320 debent
1085 2290 1207 2322 satiari.

382 2335 430 2366 Tu
457 2336 552 2366 vitam
581 2335 680 2367 donas
707 2337 840 2377 cunctis,
866 2344 944 2375 quos
970 2337 1042 2376 ipsa
1067 2346 1210 2377 coronas,

327 2387 358 2417 5.
384 2382 427 2414 Et
453 2383 536 2423 regis
562 2388 593 2414 et
618 2384 732 2423 munis,
759 2383 875 2424 pasciS‚
903 2393 981 2423 quos
1009 2385 1146 2416 dulciter
1173 2387 1255 2419 unis.
