1651 2680
731 101 993 137 —377—

211 194 266 228 11.
294 195 365 228 Nos
390 196 588 236 amplectens
615 195 754 230 dulciter
907 201 961 233 14.
988 201 1041 232 Illi
1067 201 1260 234 unanimiter

342 243 484 276 Ardenti
509 245 654 285 caritate,
1035 249 1164 281 Erimus
1190 250 1368 289 haerentes,

294 291 320 324 Ο
346 300 442 332 quam
467 291 660 324 mirabiliter
988 296 1051 329 Sed
1078 300 1110 327 et
1134 298 1365 338 aequanimiter

342 340 424 373 Cum
448 348 572 373 summa
599 341 769 381 largitate!
1035 346 1169 384 Semper
1193 346 1438 386 congaudentes,

213 415 267 448 12.
295 415 401 447 Ducet
425 424 482 446 nos
508 416 701 449 intrinsecus
909 421 960 451 15.
990 420 1082 453 Nunc
1106 430 1230 453 oremus
1257 423 1437 461 Dominum,

343 463 449 495 Mirae
474 464 653 506 suavitatiS,
1036 469 1094 508 Qui
1120 469 1212 500 nobis
1239 474 1286 501 est
1311 470 1427 507 fidelis,

295 511 463 550 Quondam
489 513 543 551 qui
570 511 759 550 forinsecus,
989 517 1049 554 Qui
1071 525 1129 555 pro
1155 518 1256 549 salute
1282 517 1442 550 hominum

342 559 491 601 Eramns,
519 569 589 591 cum
616 560 730 593 beatis.
1035 563 1088 595 Ad
1114 574 1173 595 nos
1199 566 1285 596 misit
1311 566 1350 597 de
1377 567 1472 597 caelis

212 635 268 668 13.
295 635 470 668 Nobiscum
498 637 707 669 aeternaliter
908 641 961 672 16.
990 639 1150 671 Dilectum
1177 650 1266 672 suum
1292 642 1392 673 filium

346 683 542 716 Gaudebunt
568 686 636 717 sine
661 685 723 717 fine

295 731 348 764 Sic
374 732 433 764 toti
461 733 606 765 totaliter

344 779 479 812 Gloriae
507 781 645 814 divinae.

1038 688 1100 719 Pro
1127 688 1219 719 nobis
1246 689 1405 726 exsulare,

988 735 1033 767 Ut
1058 734 1148 767 uobis
1176 736 1229 767 det
1254 737 1418 771 auxilium.

1038 784 1214 823 Pugnando
1239 785 1450 827 triumphare,

550 859 604 890 17.
632 858 676 890 Ut
702 863 775 898 post
801 860 861 891 hoc
888 860 1035 891 exsilium

674 906 860 939 Mereamur
888 916 1093 947 conregnare,

630 954 777 994 Iniquum
804 965 843 986 ne
871 955 1036 986 consilium

678 1002 743 1033 Nos
769 1003 874 1042 possit
898 1008 1069 1036 ari-estare.

277 1078 399 1105 Collect.
422 1087 475 1104 ms.
490 1078 518 1105 S.
534 1078 643 1105 Albani
656 1078 805 1105 Treviren.
829 1086 904 1106 saec.
929 1077 971 1104 15.
994 1076 1035 1113 [et
1058 1076 1122 1113 16.].
1158 1079 1227 1105 cod.
1241 1077 1390 1105 Treviren.
1406 1076 1471 1104 ⁸2:28.
1491 1091 1526 1095 —-

167 1141 171 1144 ,
199 1116 254 1143 ΙΙΙ.
276 1116 302 1148 5,
325 1116 342 1143 3
363 1117 505 1152 piissime.
527 1131 559 1134 —
586 1114 612 1149 8,
637 1114 649 1142 l
673 1117 744 1143 Fere
762 1117 859 1143 villas.
881 1132 919 1135 -—
939 1117 989 1143 IV.
1014 1116 1037 1148 1,
1060 1114 1077 1143 ‘2
1100 1126 1227 1143 narrare.
1251 1132 1285 1135 —
1307 1114 1332 1144 ¹2.
1359 1116 1370 1142 l
1389 1117 1525 1149 Quidam.

199 1154 226 1187 5,
247 1154 266 1182 4
287 1158 356 1182 sunt
376 1154 458 1182 fehlt.
480 1169 516 1173 -
538 1156 588 1181 VI.
615 1152 657 1187 15⁷
679 1152 696 1181 3
719 1155 775 1182 Per
796 1154 882 1190 quod.
904 1169 941 1172 -—
964 1153 1028 1181 VII.
1052 1154 1077 1181 8,
1099 1153 1116 1180 4
1132 1154 1231 1184 habes,
1253 1159 1366 1181 tantum
1382 1155 1472 1180 vales
1490 1167 1525 1171 -

197 1194 281 1221 V111.
306 1192 355 1227 11,
386 1193 399 1220 1
422 1193 605 1221 verberibus.
630 1207 666 1210 —
688 1191 739 1224 20,
761 1191 779 1220 3
800 1194 913 1220 Cuncta
939 1193 1015 1219 bona
1043 1195 1104 1220 sive
1133 1194 1217 1219 mala.
1247 1209 1283 1212 —-
1310 1192 1361 1219 245.
1394 1192 1412 1219 3
1441 1194 1523 1219 Lies:

200 1241 217 1259 a
238 1232 449 1260 rhetho‘ribus?
473 1246 510 1250 -
531 1230 575 1264 28,
601 1231 613 1258 1
637 1231 752 1266 sponso
775 1232 917 1267 specioso.
941 1246 976 1250 —
999 1232 1050 1258 lx.
1076 1230 1119 1263 10,
1145 1231 1155 1258 l
1181 1233 1323 1258 Dominus
1347 1231 1427 1257 fehlt.

649 1352 715 1382 327.
758 1353 798 1383 De
820 1353 950 1383 peceato
972 1352 1091 1383 Atlami.

214 1437 244 1467 1.
271 1435 390 1476 Adam,
418 1434 537 1474 Adam,
564 1435 687 1474 primus
714 1433 821 1473 homo,

271 1483 336 1515 Cur
363 1483 531 1514 damnatus
558 1491 591 1513 es
618 1490 676 1521 pro
702 1490 809 1520 pomo,

271 1531 363 1570 Quod
390 1530 556 1569 sumpsisti
575 1533 686 1562 contra
704 1528 832 1560 Deum?

271 1579 342 1611 Hoc
367 1582 399 1610 te
426 1576 503 1609 feeit
529 1587 599 1609 esse
626 1586 724 1611 reum.

910 1434 941 1465 2.
969 1434 1085 1470 Adam,
1114 1433 1229 1467 Adam,
1257 1432 1332 1472 quid
1361 1431 1475 1467 fecisti,

968 1482 1073 1521 Quare
1098 1481 1211 1512 stolam
1238 1480 1383 1513 amisisti,

969 1534 1037 1568 Qua
1063 1529 1194 1560 indutus
1220 1528 1419 1568 immortalis.

968 1577 1102 1617 Angelis
1129 1586 1198 1608 eras
1225 1576 1366 1616 aequalis
1377 1578 1391 1606 ’ἐ

540 1653 571 1684 3.
600 1650 740 1690 Serpens
766 1658 903 1690 nequam
931 1658 981 1680 me
1008 1650 1146 1688 decepit,

599 1697 708 1731 Meum
734 1707 833 1738 genus
861 1698 906 1728 sic
933 1698 1061 1737 reiecit;

600 1746 756 1779 Miserere
783 1747 854 1788 mei.
883 1745 982 1785 Deus,

600 1794 652 1827 Ad
679 1798 711 1825 te
736 1794 853 1826 clamat
878 1794 985 1825 Adam
1012 1802 1094 1825 reuS.

274 1868 397 1935 (ἐΐὲεοῐ.
429 1876 481 1894 ms.
514 1866 780 1894 Benedictoburan.
812 1873 889 1892 saec.
924 1862 997 1891 ¹²Jia.
1047 1864 1119 1892 Clui.
1151 1863 1305 1890 Monacen.
1337 1861 1421 1889 4612.
1461 1863 1527 1889 add.

196 1915 272 1934 saec.
336 1928 342 1934 .

481 1990 550 2022 328.
590 1988 757 2022 Conflietus
779 1986 928 2020 Iustitiae
950 1988 982 2018 et
1001 1985 1246 2018 Misericordiae.

908 2069 939 2101 2.
967 2068 992 2101 O
1020 2070 1146 2099 creator
1171 2067 1301 2106 optime,

1015 2115 1142 2148 bonitas
1168 2115 1288 2158 nativa,

967 2164 1050 2196 Boni
1075 2163 1266 2195 naturaliter

1016 2212 1117 2244 virtus
1143 2210 1299 2251 effectiva,

966 2260 1070 2292 Homo
1096 2259 1155 2290 tibi
1181 2259 1295 2292 similis

1015 2312 1046 2340 et
1071 2307 1176 2348 imago
1202 2308 1275 2340 diva

968 2357 1036 2388 Iam
1062 2359 1244 2397 prostratus
1267 2357 1392 2396 pariter

1013 2403 1129 2438 fraude
1153 2407 1353 2445 temptativa.

210 2074 243 2106 1.
269 2073 349 2105 Post
373 2074 543 2113 peccatum
569 2070 708 2103 hominis

317 2120 382 2152 iam
408 2118 496 2152 facta
521 2119 626 2158 ruina,

267 2168 357 2201 Dum
379 2168 480 2201 vitam
505 2168 680 2208 deceperat

317 2225 405 2249 mors
430 2216 626 2256 adulterina,

270 2265 404 2299 Peccati
429 2264 549 2297 cotidie

320 2316 485 2346 crescente
510 2312 647 2352 sentina,

270 2361 396 2395 Audita
421 2365 471 2393 est
496 2359 669 2393 clementia

319 2409 366 2442 sie
390 2409 479 2450 loqui
506 2409 635 2442 divina:
