1651 2680
151 216 184 249 3.
210 213 300 246 Haec
323 213 409 246 inter
434 213 604 246 caelicolas

257 266 307 293 est
331 261 498 303 anagogia,

208 309 305 343 Patre
331 318 401 341 cum
426 310 584 348 paraclito

255 356 379 397 perfrui
402 357 532 399 Messia,

208 405 298 437 Haec
325 411 372 437 est
399 405 529 444 veritas,
556 406 633 444 vita,

256 453 335 485 haec
361 453 484 485 directa
511 453 573 492 via,

207 501 307 540 Quam
333 500 426 532 nobis
451 501 484 532 in
510 505 602 533 utero

255 548 430 581 constravit
455 549 571 582 Maria.

153 685 186 718 4,
211 683 300 714 Iesus
325 683 368 715 ad
393 691 451 714 nos
478 687 609 714 venerat

258 739 317 770 per
342 730 406 762 alvi
433 731 586 772 canalem,

209 778 336 810 Docens
362 779 445 810 hanc
470 779 681 810 rectissimam

255 826 338 858 viam
365 830 398 858 et
422 827 599 869 aequalem,

208 873 360 906 Transire
386 884 444 914 per
469 875 606 906 mediam

255 931 380 954 manum
405 922 593 962 virginalem

208 969 260 1001 Ab
286 971 358 1002 imis
383 970 424 1002 ad
451 980 601 1010 superum

254 1023 376 1050 coetum
403 1018 638 1058 triumphalem.

144 1155 176 1186 5.
202 1151 288 1183 Deus
314 1161 373 1193 per
399 1152 482 1183 hunc
508 1154 668 1184 tramitem

252 1199 354 1231 factus
380 1204 485 1231 terrae
512 1201 615 1239 limus,

204 1248 268 1279 Per
294 1249 429 1280 eundem
456 1249 617 1280 tramitem

248 1296 291 1327 ad
317 1296 419 1328 Deum
447 1297 597 1336 redimus,

204 1343 272 1375 Nec
296 1353 355 1383 per
381 1345 442 1376 iter
467 1345 555 1376 aliud

250 1393 407 1432 repedare
433 1393 568 1434 quimus,

202 1439 301 1478 Quam
327 1441 441 1481 Iesum,
469 1445 503 1471 ut
529 1443 688 1481 pergeret,

250 1488 384 1529 elegisse
410 1489 539 1521 scimus,

144 1619 176 1651 6.
202 1617 265 1649 Hic
291 1622 339 1649 est
365 1617 482 1657 Ioseph
510 1619 675 1658 providuS,

248 1666 302 1706 qui
323 1665 434 1698 mundi
460 1670 606 1698 servator

200 1713 338 1754 Dicitur,
365 1723 549 1755 yconomus,

248 1761 333 1794 fidus
361 1762 575 1801 dispensator,

201 1810 372 1850 Septennis
398 1811 572 1851 prudentia

247 1857 340 1890 famis
366 1858 583 1899 propulsator,

197 1905 278 1938 Suos
303 1911 419 1947 potans
444 1907 599 1947 sanguine

245 1963 404 1996 carneque
431 1954 565 1988 cibator.

139 2086 172 2119 7.
198 2084 262 2116 Hic
287 2088 334 2117 est
361 2087 450 2119 lesus
475 2089 636 2128 strenuus,

242 2133 376 2166 Bennun
403 2134 572 2174 vocitatus,

193 2182 301 2222 Moysi
324 2181 460 2224 legifero

243 2230 358 2263 ductor
383 2230 585 2271 subrogatus,

192 2277 272 2319 Legi
297 2279 438 2311 subdens
463 2280 610 2321 gratiam,

239 2335 335 2359 cruce
361 2327 538 2369 proeliatus

196 2375 328 2408 Israelis
354 2376 492 2408 hostium

241 2423 402 2466 confregit
425 2428 570 2458 conatus.

843 217 876 249 8.
901 216 991 248 Iesus
1017 215 1206 256 sapientiam

949 263 1064 296 Sirach
1087 263 1262 299 renovavit,

900 311 984 343 Dum
1010 320 1069 352 per
1093 312 1283 351 sapientiam

948 361 1098 392 mundum
1125 359 1285 398 liberavit,

902 408 1001 446 Quem
1028 417 1084 439 rex
1112 406 1204 438 fortis
1232 407 1366 439 Satanas

949 455 1112 487 obsessum
1140 455 1283 493 vallavit,

901 502 964 534 Sed
991 503 1138 534 obsessos
1165 511 1278 534 eruens

948 551 1037 582 Iesus
1064 550 1170 581 hostes
1197 549 1324 582 stravit.

842 685 873 717 9.
900 684 990 715 Iesus
1016 688 1103 716 veste
1129 684 1272 723 sordida,

948 741 1086 764 summus
1113 732 1325 770 sacerdotum,

900 779 1032 811 Saccum
1061 780 1165 811 carnis
1191 780 1306 819 induit,

945 829 1004 860 sed
1029 831 1077 860 est
1102 828 1202 859 lutum
1229 829 1339 866 lotum,

901 875 1023 915 Corpus
1051 877 1105 907 dat
1132 877 1163 906 iu
1190 877 1351 917 pabulum,

948 932 1092 955 cruorem
1119 925 1151 954 in
1178 928 1300 963 potum,

899 970 1001 1002 Nobis
1027 981 1120 1003 cruce
1147 972 1320 1011 pendulum

944 1019 1102 1059 impendit
1128 1028 1161 1049 se
1186 1024 1296 1050 totum.

812 1153 866 1187 10.
895 1153 983 1184 Iesus
1010 1156 1118 1184 noster
1144 1153 1260 1184 liberat

941 1202 1026 1232 solus
1053 1212 1071 1233 a
1097 1201 1249 1240 peccatis,

894 1248 965 1281 Non
993 1253 1040 1280 est
1068 1249 1157 1280 Iesus
1183 1249 1264 1280 alius

941 1297 1033 1328 huius
1060 1295 1232 1335 facultatis,

895 1345 934 1376 Id
961 1345 1058 1376 soiius
1086 1345 1197 1376 deicae

943 1397 1066 1424 constat
1093 1394 1272 1434 potestatis,

894 1441 972 1473 Cum
999 1441 1059 1473 hoc
1084 1449 1164 1480 opus
1191 1442 1347 1472 maximae

943 1489 984 1520 sit
1008 1489 1187 1521 infinitatis.

812 1619 866 1651 11.
893 1618 918 1650 Ο
944 1618 1017 1649 Iesu
1043 1618 1196 1659 piissime,

941 1667 1047 1699 media
1074 1667 1203 1708 vocalis,

893 1714 963 1746 Tua
987 1715 1154 1747 meditatio

941 1763 1018 1794 mihi
1045 1764 1085 1794 sit
1113 1763 1229 1799 vitalis,

894 1810 1057 1843 Placando
1083 1812 1248 1842 saevitiam

940 1859 1008 1890 irae
1035 1857 1195 1901 divinalis,

893 1907 1109 1939 Praeservans
1135 1907 1175 1938 ab
1202 1908 1344 1939 aestibus

945 1955 1041 1987 chaos
1067 1954 1263 1995 gehennalis.

811 2086 865 2118 12.
894 2085 976 2123 Iesu,
1003 2085 1080 2126 vigil
1106 2086 1206 2125 ocule,

937 2143 1097 2173 nunquam
1123 2135 1298 2175 consopite,

891 2182 976 2214 Vide
1001 2181 1091 2214 Petri
1116 2182 1265 2215 lacrimas

940 2231 1002 2262 ‹luc
1027 2231 1069 2262 ad
1096 2230 1178 2262 viam
1205 2231 1301 2275 vitae,

890 2278 963 2310 Tibi
990 2279 1066 2310 licet
1092 2277 1233 2311 foetidae

936 2336 1049 2368 preces
1075 2326 1139 2358 sint
1163 2328 1302 2369 auditae,

891 2375 955 2408 Cor
980 2380 1067 2407 tuum
1093 2374 1281 2408 mellifluum

936 2424 1014 2456 mihi
1041 2423 1097 2456 fiat
1121 2424 1209 2457 mite.
