1651 2680
273 311 307 344 1.
336 310 488 351 Sequitur
512 319 539 347 u
564 312 659 345 litera

380 360 528 392 miranda
552 359 665 402 figura,

331 408 474 441 Geminis
500 417 538 440 ex
565 408 698 448 virgulis

382 457 470 488 cuius
497 456 532 488 fit
558 457 729 498 scriptura,

331 505 417 544 Quas
443 504 603 544 punctalis
632 504 779 535 deorsum

383 553 556 592 compingit
582 552 740 591 clausura,

332 600 478 632 Secernit
503 600 649 640 superius

384 651 497 688 pateus
523 651 685 687 apertura.

275 755 309 787 2.
336 754 372 786 In
399 754 522 785 naturis
548 754 680 793 geminis

382 802 415 833 id
441 802 646 833 humanitatis

336 851 408 882 Iesu
433 852 539 889 potest
564 849 701 888 conspici

383 897 562 929 luculenter
588 897 676 937 satis,

337 946 373 978 In
399 954 536 985 persona
562 945 699 984 simplici

384 994 457 1024 licet
485 992 683 1031 combinatis,

336 1041 456 1073 Tamen
482 1046 546 1072 tam
573 1040 756 1080 compositis

383 1098 475 1128 quam
504 1088 701 1120 divaricatis.

303 1220 310 1227 .
338 1195 447 1233 Quoad
476 1195 564 1226 Iesus
592 1194 724 1233 viveret,

383 1247 493 1282 partes
519 1246 590 1273 sunt
618 1246 813 1283 compactae,

338 1289 416 1321 Cum
445 1291 533 1321 Iesus
559 1290 772 1328 occumberet,

386 1341 458 1369 sunt
483 1346 651 1377 compages
678 1336 813 1379 fractae,

338 1386 409 1417 Iesu
436 1389 523 1416 terra
549 1385 679 1416 humida

385 1434 623 1464 coniuncturam
650 1437 773 1467 nactae,

338 1482 374 1512 111
401 1481 561 1512 diversum
588 1481 727 1520 pendulo

385 1538 509 1560 sursum
536 1532 609 1559 sunt
634 1528 777 1561 abactae.

304 1660 311 1667 .
338 1635 509 1674 Rumpitur
535 1633 667 1665 difficile

385 1682 479 1714 funus
504 1682 696 1722 triplicatus,

337 1731 394 1763 Est
422 1730 524 1768 homo,
553 1739 645 1770 quem
671 1734 824 1768 traxerat,

385 1779 431 1809 sic
457 1778 560 1818 culpis
585 1785 745 1821 gravatus,

338 1827 430 1866 Quod
455 1827 559 1857 Iesum
585 1826 733 1858 similiter

387 1874 508 1906 fatiscit
533 1878 691 1914 raptatus,

337 1923 415 1955 Cum
441 1932 459 1954 a
486 1931 581 1953 carne
606 1922 737 1961 spiritus

386 1969 445 2001 fuit
471 1973 647 2010 separatus.

305 2102 311 2108 .
340 2075 476 2115 Utrique
502 2079 717 2107 verumtamen

389 2124 492 2154 deitas
516 2124 634 2163 unitur,

340 2172 388 2204 Ac
414 2171 646 2202 indissolubilis

392 2220 598 2251 commissura
623 2220 733 2258 scitur,

340 2268 425 2308 Quae
452 2276 521 2298 cum
548 2267 644 2298 semel
671 2270 763 2299 utero

391 2316 524 2355 virginis
549 2315 669 2354 unitur,

342 2363 607 2403 Inseparabiliter

389 2421 519 2444 manens
546 2410 719 2443 stabilitur.

867 227 924 260 IV.

948 2076 1003 2108 10.

992 339 998 347 .
1025 314 1162 346 Baculus
1188 323 1267 347 crux
1291 315 1420 356 pugilis,

1072 362 1252 394 humanitas
1277 366 1412 402 scutum,

1025 410 1118 449 Quod
1145 410 1217 442 dira
1241 419 1326 442 mors
1353 409 1475 443 diffidit

1075 458 1139 489 vita
1164 458 1361 497 destitutum,

1026 505 1090 537 Sed
1115 505 1158 537 ad
1182 509 1308 546 tempus
1335 505 1495 538 modicum

1072 555 1142 584 erat
1167 553 1402 593 comminutum,

1025 600 1190 640 Surgendo
1217 601 1257 632 de
1282 601 1410 641 perpeti

1073 648 1140 680 vita
1165 647 1257 679 fulcit
1283 651 1396 682 tutum.

990 777 998 785 .
1024 753 1134 792 Quoad
1160 754 1249 785 Iesus
1276 754 1407 795 viveret,

1072 805 1141 832 erat
1167 801 1320 842 divisura,

1024 848 1101 880 Cum
1128 858 1202 880 caro
1228 853 1408 889 resurgeret

1074 906 1093 927 a
1118 897 1228 928 mortis
1254 901 1421 941 punctura,

1025 944 1230 976 Obsecundat
1254 945 1375 976 numini

1074 992 1189 1024 mentis
1216 996 1373 1031 creatura,

1025 1039 1200 1071 Gratanter
1224 1040 1429 1080 amplectitur

1071 1088 1135 1119 tela
1163 1088 1274 1119 mortis
1301 1089 1391 1122 dura.

991 1219 998 1225 .
1025 1193 1110 1225 Mori
1136 1193 1262 1233 quaerit
1287 1194 1431 1236 spiritus,

1075 1250 1148 1273 caro
1175 1240 1256 1281 fugit
1281 1244 1426 1283 mortem,

1026 1289 1096 1320 Hoc
1121 1298 1196 1320 acre
1223 1289 1396 1320 divortium

1074 1346 1211 1378 pugnarn
1242 1341 1352 1368 causat
1375 1336 1504 1379 fortem,

1024 1384 1168 1416 Tandem
1195 1385 1227 1416 in
1254 1385 1441 1425 compagine

1074 1437 1188 1464 coeunt
1213 1433 1387 1471 cohortem,

1026 1480 1107 1511 Tum
1133 1480 1194 1512 sibi
1221 1479 1449 1513 confoederant

1075 1528 1176 1560 Deum
1203 1529 1235 1560 in
1262 1532 1450 1561 consortem.

1029 1635 1193 1675 Voluntas,
1219 1639 1254 1665 ut
1281 1635 1414 1676 viveret,

1073 1687 1142 1714 erat
1167 1683 1334 1723 sensualis,

1027 1731 1127 1769 Quam
1154 1734 1286 1761 excusat
1311 1730 1425 1762 insitus

1075 1787 1164 1810 amor
1189 1778 1355 1816 naturalis,

1028 1826 1108 1857 Tum
1137 1828 1283 1858 voluntas
1312 1826 1456 1858 cernitur

1072 1874 1332 1914 superdivinalis,

1027 1922 1172 1954 Carnalis
1199 1922 1373 1962 propensio

1074 1979 1147 2003 mox
1174 1970 1209 2002 fit
1242 1970 1409 2010 spiritalis.

1031 2075 1094 2107 Sed
1117 2075 1193 2106 licet
1218 2075 1251 2107 in
1277 2075 1385 2107 volitis

1078 2122 1189 2155 fuisset
1217 2123 1391 2158 dissensus.

1029 2171 1094 2204 Sed
1119 2171 1152 2203 in
1179 2171 1396 2203 voluntatibus

1077 2227 1210 2250 concors
1235 2223 1284 2250 est
1309 2228 1468 2261 assensus,

1029 2267 1073 2300 Ut
1099 2267 1188 2298 Iesus
1214 2276 1274 2308 pro
1301 2267 1427 2299 miseris

1079 2324 1172 2347 cruce
1198 2316 1241 2346 sit
1266 2324 1428 2358 appensus

1029 2365 1078 2396 Ac
1103 2364 1137 2395 in
1162 2363 1280 2395 nostris
1306 2363 1417 2395 usibus

1078 2414 1164 2443 totus
1190 2411 1232 2443 sit
1258 2420 1430 2452 expensus,
