1651 2680
693 107 928 143 -83-

514 206 569 240 11.
596 205 679 239 Caro
704 205 896 238 naturaliter

641 256 776 285 mortem
803 252 1026 294 perhorrebat,

594 302 762 341 Inviteque
788 301 920 341 spiritus

643 357 772 382 carnem
799 349 995 389 dimittebat,

595 397 680 436 Quos
706 396 794 428 Deus
819 397 854 429 id
881 396 1012 428 volitum

643 445 727 476 velle
753 453 824 476 cum
849 443 989 484 volebat,

594 492 751 524 Voluntas
776 492 968 524 intrinsecus

642 539 815 572 conformis
841 539 1000 571 manebat.

188 783 220 816 1.
247 780 398 820 Sequitur
422 787 442 814 β
468 779 574 816 litera,

293 837 373 868 quae
399 827 449 858 bis
473 828 621 864 situatur,

244 876 308 910 Sed
334 875 435 916 figura
462 875 584 914 duplici

292 923 459 957 character
485 921 652 963 formatur,

245 972 353 1004 Prima
377 975 464 1003 recta
489 971 585 1008 linea,

294 1020 375 1051 sicut
401 1022 620 1060 praenotatur,

247 1067 405 1107 Secunda,
431 1067 458 1098 si
483 1066 621 1106 placeat,

294 1115 343 1147 bis
369 1115 401 1146 in
427 1123 461 1146 se
487 1118 648 1147 curvatur.

188 1214 219 1245 2.
245 1211 348 1251 Apice
372 1210 425 1250 qui
451 1209 589 1241 nominis

297 1258 384 1290 calce
409 1257 574 1298 limitatur,

249 1307 349 1346 Iesus,
376 1315 447 1337 cum
473 1305 641 1337 advenerit

292 1354 399 1393 iudex,
427 1353 633 1395 designatur3

242 1402 386 1435 Artualis
412 1401 552 1432 curvitas

291 1449 410 1482 reflexa
436 1452 641 1486 monstratur,

246 1498 324 1531 Cum
351 1499 440 1530 Iesus
465 1497 496 1528 in
524 1505 598 1528 aere

295 1547 335 1578 de
361 1545 457 1577 caelis
483 1548 658 1584 spectatur.

187 1644 218 1676 3.
247 1641 403 1683 Suprema
429 1641 601 1681 capacitas,

291 1699 353 1730 qua
378 1689 452 1721 beat
476 1690 627 1727 salvatos,

247 1738 394 1771 Curvitas
419 1736 563 1774 inferior,

293 1795 355 1826 qua
381 1786 494 1827 plectit
521 1785 707 1824 damnatos3

246 1835 339 1867 Licet
364 1834 466 1865 iustus
492 1837 606 1874 pareat

292 1882 397 1923 quoad
423 1882 623 1923 reprobatos,

247 1931 385 1964 Plaudet
410 1939 443 1962 se
469 1930 648 1970 piissimum

292 1980 333 2011 ad
359 1978 627 2019 praedestinatos

188 2078 220 2110 4.
249 2076 397 2108 Curvitas
423 2075 571 2115 superior

292 2125 395 2164 pietas
419 2127 563 2163 vocatur,

244 2172 401 2212 Aequitas
427 2171 562 2204 inferior

293 2229 386 2253 arcus
410 2223 633 2261 nuncupatum

246 2269 309 2302 Illa
333 2269 438 2301 minor
463 2268 617 2307 cernitur,

293 2317 373 2350 haec
398 2317 500 2349 maior
525 2316 666 2356 videtur,

245 2365 476 2399 Damnatornm
501 2373 651 2397 numerus

294 2424 364 2447 cum
391 2414 493 2447 maior
518 2412 684 2454 probetur.

877 781 908 811 5.
936 778 1009 809 Non
1036 781 1084 809 est
1107 777 1186 809 haec
1211 778 1375 809 maioritas

985 835 1023 857 ex
1047 828 1139 865 parte
1167 826 1285 866 divina,

937 874 1000 906 Sed
1028 877 1076 905 est
1101 882 1141 906 ex
1167 877 1344 914 spontanea

986 931 1110 953 reorum
1138 923 1239 960 ruina,

937 970 1021 1009 Quos
1049 969 1190 1001 devictos
1217 969 1335 1009 subigit

985 1018 1122 1050 Satanae
1148 1018 1272 1057 rapina,

938 1065 1075 1104 Gregem
1101 1066 1200 1097 caulis
1227 1065 1357 1105 abigens

987 1113 1108 1144 claudit
1134 1114 1165 1144 in
1190 1114 1324 1144 sentina.

878 1210 910 1240 6.
937 1208 973 1240 In
1001 1208 1049 1238 bis
1076 1209 1149 1240 Iesu
1175 1209 1277 1249 pietas

985 1256 1112 1296 mitigat
1138 1258 1286 1296 rigorem,

936 1304 1109 1343 Temperat
1135 1305 1304 1336 clementia

985 1353 1100 1382 iudicis
1128 1352 1297 1391 fervorem,

938 1400 1071 1440 Quibus,
1098 1409 1190 1438 quam
1218 1404 1411 1442 meruerant⁷

987 1448 1041 1479 dat
1067 1456 1100 1478 se
1126 1449 1294 1490 mitiorem,

938 1496 1019 1527 Dum
1046 1505 1179 1535 poenam
1208 1497 1247 1527 de
1274 1497 1396 1528 meritis

986 1552 1149 1576 mensurat
1176 1545 1340 1578 minorem.

878 1641 908 1672 7.
938 1640 1028 1671 Iesus
1054 1645 1181 1672 sanctos
1208 1642 1375 1682 praemiat,

989 1689 1045 1719 sed
1073 1697 1170 1729 super
1196 1689 1398 1729 condignum,

940 1736 1089 1768 Plectens
1118 1738 1199 1768 citra
1225 1738 1373 1768 meritum

988 1793 1205 1825 quemcunque
1231 1786 1425 1826 malignum3

938 1832 1055 1864 Omnes
1082 1833 1186 1864 Iesum
1214 1835 1353 1864 sentient

986 1880 1091 1911 mitem
1118 1886 1149 1912 et
1176 1881 1360 1921 benignum,

938 1928 1069 1961 Cunctis
1097 1929 1153 1961 dat
1179 1930 1366 1961 clementiae

985 1977 1057 2016 pius
1085 1977 1182 2009 iudex
1208 1979 1344 2018 signum.

881 2075 913 2107 8.
941 2073 1032 2105 Licet
1059 2073 1100 2104 sit
1125 2075 1303 2114 aequalitas

987 2122 1020 2153 in
1042 2124 1243 2163 aeternitate,

939 2169 1075 2202 Librata
1103 2170 1275 2212 disparitas

988 2222 1034 2249 est
1061 2218 1093 2250 in
1120 2221 1285 2259 qualitate,

941 2266 1024 2298 Dum
1052 2266 1155 2299 minor
1181 2269 1359 2308 poenalitas

990 2319 1039 2346 est
1063 2315 1231 2356 iniquitate

940 2363 990 2395 Ex
1018 2365 1295 2403 superdulcissimi

988 2412 1062 2443 Iesu
1087 2412 1217 2451 pietate.

1261 2468 1303 2497 6*
