1651 2680
718 88 982 148 -253—

616 234 681 265 212.
724 235 766 266 De
787 237 899 267 saneta
918 235 1085 267 Dorothea.

190 332 220 364 1.
249 330 373 370 Gaude,
401 332 493 373 virgo
519 333 647 365 Chn'sto
673 337 776 374 grata,
909 336 940 368 7.
970 335 1094 373 Gaude,
1120 335 1250 367 maestis
1275 343 1309 366 es
1335 333 1477 365 solamen

246 379 413 412 Dorothea
439 381 486 412 sic
512 385 626 413 vocata
970 383 1161 415 Miserorum
1185 387 1217 414 et.
1242 383 1385 414 velamen

294 426 493 467 Disponente
518 429 667 461 Domino.
1018 432 1055 462 In
1081 432 1186 462 saeclo
1212 429 1478 470 naufragantium.

187 523 221 556 2.
249 521 373 562 Gaude,
401 524 492 565 virgo
517 525 669 564 gratiosa,
909 527 941 559 8.
970 525 1093 564 Gaude,
1121 526 1217 557 decus
1243 525 1418 557 humilium.

246 570 410 602 Dorothea
436 572 592 612 speciosa,
966 573 1048 604 Mihi
1075 573 1184 605 confer
1210 573 1373 610 auxilium,

295 618 435 651 Deitatis
461 620 575 661 gratia.
1017 621 1059 652 Et
1093 630 1151 660 pro
1176 630 1226 652 me
1248 630 1304 652 ora
1329 620 1510 653 Dominum.

187 716 219 748 3.
246 714 370 754 Gaude,
398 715 497 756 virgo,
524 720 556 746 te
582 716 747 756 quaerenti
905 718 934 749 9.
967 716 1089 749 Gaude.
1118 720 1236 756 quanta
1262 715 1453 755 impetrasti.

246 763 288 794 Et
315 763 440 796 sincere
466 764 613 804 diligenti
964 765 1049 795 Ictus
1076 765 1159 796 ensis
1185 765 1259 795 dnm
1285 762 1432 803 sperasti.

294 811 389 843 Certa
417 812 474 844 das
500 812 653 852 tripudia.
1011 811 1076 843 Sub
1101 811 1266 851 praefecto
1292 811 1453 844 Fabricio.

185 907 217 939 4.
248 895 503 945 Gaudesdulcis
529 908 697 946 advocata,
882 909 935 941 10.
964 907 1087 946 Gaude,
1115 908 1220 939 cuncti
1246 907 1434 939 ablutricem

249 954 336 986 Caeli
363 958 450 987 serto
477 959 640 995 coronata,
965 955 1137 997 Scelerum,
1165 959 1196 987 te
1222 955 1419 987 assistricem

293 1003 422 1034 Ardens
447 1007 483 1035 ut
509 1003 733 1035 carbunculus,
1011 1003 1119 1034 Sciant
1146 1004 1256 1035 mortis
1282 1003 1436 1043 periculo.

185 1100 217 1130 5.
247 1097 371 1138 Gaude,
397 1099 570 1138 splendens
596 1098 813 1140 pulchritudo,
875 1099 929 1131 11.
960 1098 1079 1130 Christi
1106 1100 1190 1130 dona
1216 1099 1379 1137 visionem,

246 1145 413 1185 Virginum
439 1151 473 1178 tu
496 1146 655 1178 claritudo
959 1147 1166 1178 Peccatorum
1192 1147 1373 1188 tersionem,

291 1194 344 1225 Ad
372 1194 475 1226 instar
501 1194 699 1228 carbunculi.
959 1195 1076 1225 Veram
1096 1195 1202 1226 cordis
1219 1195 1506 1237 compunctionem,

181 1290 214 1322 6.
243 1287 366 1328 Gaude,
395 1289 546 1321 virtutum
573 1298 659 1329 area,
876 1290 930 1322 12.
958 1289 1019 1320 Dei
1041 1291 1154 1321 matris
1180 1291 1405 1330 praesentiam,

240 1336 329 1370 Urbe
353 1340 429 1369 nata
454 1338 622 1375 Caesarea,
957 1338 1121 1376 Tuamque
1146 1338 1379 1378 apparentiam,

288 1385 336 1416 Tu
361 1394 379 1416 a
405 1393 455 1416 me
481 1385 566 1426 pelle
592 1385 681 1416 vitia.
1005 1385 1075 1416 Duc
1101 1395 1157 1417 nos
1184 1386 1225 1417 ad
1254 1386 1313 1417 Dei
1343 1385 1487 1425 gloriam.

257 1490 338 1517 Orat.
361 1499 413 1517 ms.
427 1492 652 1518 Tirnsteinense
674 1498 750 1517 saec.
775 1489 817 1518 15.
853 1490 924 1518 eod.
940 1490 1178 1527 Ducuniburgen.
1200 1490 1246 1518 84.
1262 1506 1298 1508 —
1313 1490 1339 1523 4,
1361 1490 1378 1515 ἴ).
1394 1491 1506 1519 Αῑᾱρῐιε

181 1529 367 1556 carbuncule.
389 1544 425 1548 —
447 1529 472 1559 5.
495 1528 512 1556 2
535 1533 567 1556 tu
588 1528 669 1555 fehlt.
690 1543 728 1547 -—
749 1527 775 1562 7,
800 1528 813 1556 l
836 1538 866 1556 es
890 1528 970 1556 fehlt.
994 1542 1030 1546 —
1053 1527 1096 1557 10.
1124 1530 1134 1556 1
1159 1530 1340 1556 adiutricem.
1364 1546 1399 1548 —
1425 1528 1467 1557 10.
1490 1530 1506 1557 53

181 1568 213 1594 in
234 1567 374 1603 periculo.
395 1584 430 1587 —
456 1567 497 1602 12,
520 1567 538 1595 3
559 1569 623 1595 Duc
645 1576 698 1594 nos
721 1570 788 1603 post
807 1571 836 1595 te
857 1567 903 1595 ad.

603 1737 664 1768 213.
707 1738 748 1768 De
771 1741 881 1769 sancta
904 1737 1072 1768 Dorothea.

175 1840 207 1872 1.
235 1841 316 1877 Ave,
344 1839 434 1878 virgo
461 1839 529 1871 Deo
554 1842 657 1878 grata,
894 1839 925 1872 3.
955 1839 1036 1877 Ave,
1065 1837 1167 1870 dulcis
1193 1840 1361 1879 advocata,

235 1887 400 1920 Dorothea
425 1888 471 1919 sic
498 1891 611 1919 vocata
956 1886 1045 1918 Caeli
1072 1891 1159 1918 serto
1186 1890 1338 1918 coronata

284 1936 457 1967 Parentum
485 1935 607 1975 elogio,
1004 1934 1160 1967 Ardentis
1186 1935 1393 1967 sardiunculi.

232 1987 314 2023 Ave,
341 1993 415 2015 rosa
441 1985 510 2016 sine
535 1984 639 2026 spina,
954 1984 1036 2020 Ave,
1064 1983 1238 2022 splendens
1265 1984 1434 2018 claritudo,

233 2032 419 2064 Vulneratis
443 2032 605 2064 medicina
954 2030 1148 2063 Inexliausta
1174 2031 1380 2071 pulchritudo

283 2081 395 2112 Meriti
421 2079 561 2121 fastigio.
1002 2079 1056 2110 Ad
1082 2079 1184 2111 instar
1210 2080 1406 2113 carbunculi.

175 2179 206 2211 2.
234 2179 316 2216 Ave,
343 2176 433 2218 virgo
462 2178 614 2215 virtuosa,
893 2177 925 2208 4.
954 2177 1034 2215 Ave,
1062 2177 1174 2207 maesti
1201 2177 1413 2215 consolamen,

232 2225 399 2258 Dorothea
424 2226 569 2267 speciosa
954 2223 1147 2256 Miserarum
1175 2225 1367 2265 relevamen,

281 2273 420 2306 Deitatis
443 2275 566 2315 gratia3
999 2271 1243 2313 Triumphatrix
1272 2273 1396 2315 zabuli;

231 2323 313 2362 Ave,
341 2323 426 2354 omni
451 2327 484 2355 te
509 2320 677 2363 quaerenti
751 2319 753 2321 ’
950 2322 1029 2361 Ave,
1059 2320 1155 2360 digna
1180 2326 1215 2354 tu
1240 2322 1350 2353 videre

231 2371 274 2404 Et
301 2371 426 2403 sincere
452 2370 599 2411 diligenti
951 2368 1150 2401 Salvatorem
1178 2374 1253 2402 tunc
1278 2371 1403 2402 sincere

279 2419 400 2460 Magna
426 2420 507 2453 dans
533 2418 664 2452 solacia.
998 2416 1063 2449 Sub
1090 2416 1193 2451 forma
1218 2419 1354 2460 pueruli.
