1651 2680
726 102 989 138 —279—

208 199 264 233 13.
291 198 398 237 Salve,
427 198 620 231 decumbens
647 200 679 231 in
706 200 792 238 Sina,
901 201 955 233 15.
983 201 1088 240 Salve,
1116 201 1203 231 cuius
1230 209 1342 240 preces
1369 200 1455 231 Deus

291 246 448 279 Salutaris
473 247 633 278 medicina
981 249 1166 285 Exaudivit,
1194 249 1314 280 clamor
1339 257 1427 279 meus

340 296 438 327 Prece
463 299 496 326 te
522 296 761 337 quaerentium3
1031 298 1084 329 Sic
1110 306 1202 329 aures
1230 301 1299 328 tuas
1326 297 1476 336 impleat;

291 344 395 384 Salve,
424 344 513 375 cuius
532 352 569 375 ex
590 344 700 375 tumba
718 348 827 376 manat
983 345 1088 383 Salve,
1117 346 1198 377 hanc
1225 345 1408 384 petitionem

290 392 413 431 Oleum,
440 391 525 431 quod
551 392 680 423 morbos
706 397 798 424 sanat
984 395 1121 433 Propter
1146 397 1229 424 tuam
1257 394 1436 432 passionem

340 439 532 472 Cunctorum
559 440 788 480 languentium.
1032 441 1185 473 Dominus
1212 442 1397 481 adimpleat,

210 527 265 561 14.
293 526 397 566 Salve,
425 530 558 565 martyr,
583 525 681 558 funde
700 535 822 566 preceS‚
898 529 950 560 16.
981 529 1071 566 Quod
1100 532 1286 568 peccantem
1309 532 1340 559 et
1359 527 1512 566 pollutum

291 574 405 607 Cordis
430 574 493 605 mei
519 584 620 614 purga
646 573 752 606 faeces
981 577 1034 608 Me
1061 586 1079 607 a
1106 576 1217 615 poenis
1245 575 1361 606 reddat
1389 579 1490 606 tutum

338 622 456 654 Sensus
481 626 571 662 terge
598 622 694 654 vitiis.
1028 624 1072 655 Es
1099 634 1117 655 a
1143 624 1291 654 claustris
1317 622 1423 655 inferi.

290 670 396 710 Salve,
424 669 535 702 confer
559 679 701 710 quaeque
728 671 821 712 bona,
980 672 1079 711 Audi,
1109 672 1246 708 Christe,
1275 680 1329 702 rex
1359 671 1476 710 divine,

289 718 454 751 Castitatis
481 719 571 758 cinge
597 728 678 750 zona
983 720 1042 751 Per
1070 725 1235 759 precatum
1264 719 1461 751 Katherinae

336 768 379 799 Et
405 767 558 798 virtutum
586 767 696 799 initiis.
1025 768 1080 799 Me
1104 768 1223 799 sanctis
1250 768 1311 798 tuis
1337 767 1445 799 inseri.

478 855 532 886 17.
561 854 619 893 Qui
646 854 754 893 perire
780 854 901 885 nullum
927 854 1015 893 sinis,

561 902 603 934 Ut
632 912 681 932 nie
709 902 809 933 bonus
835 906 946 942 tangat
972 902 1044 933 finis

610 951 645 981 ln
674 951 732 981 hoc
758 951 919 990 praesenti
947 951 1083 989 saeculo,

561 998 604 1030 Ut
631 999 749 1037 possim
777 1002 879 1029 tecum
905 999 1047 1038 gloriari,

560 1046 614 1077 Me
642 1046 674 1076 in
701 1052 865 1077 aeternum
893 1046 1102 1085 contemplari

608 1095 641 1125 In
671 1094 801 1126 deitatis
827 1094 968 1132 speculo.

266 1180 346 1205 Orat.
374 1188 424 1205 ius.
455 1181 617 1214 campense
646 1180 715 1205 anni
747 1177 827 1205 1462.
878 1179 946 1205 Cod.
978 1179 1193 1205 Darmstadien.
1219 1177 1282 1204 521.
1303 1192 1336 1195 —
1359 1179 1388 1207 3,
1418 1180 1434 1202 εἰ
1459 1179 1511 1204 Dio

188 1218 275 1244 Form
298 1217 455 1252 amygdola
475 1217 590 1243 schiitzt
605 1217 656 1243 der
672 1218 764 1244 Reim.
782 1233 819 1236 —
835 1215 860 1249 9,
883 1215 900 1243 8
922 1217 989 1243 Mea
1009 1217 1119 1242 dih-cta
1141 1217 1266 1251 flagrans
1285 1226 1358 1242 rusa.
1377 1232 1407 1234 ἡ
1429 1216 1473 1248 12,
1495 1216 1512 1242 2

188 1265 230 1291 sp.
260 1257 305 1283 lac
332 1256 367 1282 de
395 1264 470 1282 vena
499 1255 580 1282 laesa
610 1255 724 1282 fluendo
754 1256 930 1290 prosilierat.
954 1270 988 1274 -
1012 1257 1068 1282 Str.
1096 1254 1131 1281 13
1152 1255 1228 1281 steht
1251 1255 1393 1281 zwisclmn
1418 1254 1466 1285 16,
1496 1255 1513 1281 3

184 1294 246 1321 und
266 1293 293 1321 4.
335 1294 376 1321 Es
397 1294 502 1329 gehon-t
522 1294 593 1321 aher
614 1295 729 1321 inferi
750 1293 806 1326 (16,
830 1293 858 1326 3)
880 1294 923 1321 als
940 1295 1022 1321 Reim
1044 1303 1079 1319 zu
1102 1295 1226 1320 inseri
1247 1292 1302 1323 (11³1,
1326 1294 1361 1323 6).
1378 1309 1413 1311 —
1431 1292 1471 1322 14.
1500 1293 1509 1319 l

189 1336 284 1360 mater
305 1333 401 1360 funde.
426 1347 459 1351 —
484 1331 527 1361 15.
549 1332 567 1359 4
589 1333 676 1359 Salve
698 1335 730 1359 ut
750 1333 834 1359 hanc.

599 1446 668 1475 242.
711 1445 753 1475 De
775 1446 885 1475 sancta
908 1444 1094 1475 katharina.

202 1527 234 1559 1.
263 1525 386 1562 Gaude,
414 1527 515 1566 virgo.
541 1535 658 1566 sponsa
682 1525 813 1565 Christi,
888 1526 920 1558 3.
950 1524 1074 1560 Gaude,
1102 1525 1175 1564 quia
1205 1535 1262 1555 iox
1289 1534 1420 1556 amoena

257 1574 348 1613 Quod
378 1575 486 1606 videre
510 1574 652 1605 meruisti
951 1574 1039 1605 Caeli
1066 1576 1153 1613 patet
1182 1578 1211 1603 et
1238 1582 1350 1604 serena

307 1622 426 1653 Vivens
452 1622 512 1654 Dei
538 1621 657 1659 filium;
996 1621 1049 1653 Ad
1076 1625 1163 1652 tuum
1190 1621 1393 1663 suffragium,

258 1670 381 1708 Gaude,
408 1670 482 1709 quia
508 1671 692 1701 convertisti
951 1670 1075 1707 Gaude,
1103 1679 1175 1700 nam
1202 1671 1370 1701 suavitatis

259 1717 438 1758 Sapientes,
464 1727 543 1758 quos
569 1718 696 1749 traxisti
952 1718 1073 1759 Liquor
1099 1722 1216 1759 manat,
1245 1719 1297 1757 qui
1326 1719 1378 1749 dat
1408 1719 1510 1757 gratis

307 1766 425 1797 Tecum
453 1767 493 1797 ad
520 1767 718 1805 martyrium.
1002 1766 1123 1797 Salutis
1149 1766 1336 1798 subsidium.

199 1850 232 1882 2.
261 1848 385 1887 Gaude,
411 1849 500 1888 virgo
524 1849 593 1881 Deo
619 1849 725 1888 plena,
893 1852 924 1882 4.
954 1848 1077 1888 Gaude,
1106 1849 1194 1888 virgo
1223 1854 1251 1879 et
1279 1849 1410 1884 athleta,

262 1897 345 1928 Nam
372 1900 512 1928 rotarum
541 1895 646 1928 fracta
671 1906 774 1936 poena
952 1897 1028 1928 Post
1055 1901 1213 1928 tormenta
1240 1898 1357 1928 transis
1384 1897 1469 1929 laeta

309 1945 381 1977 Non
408 1945 507 1976 sentis
533 1945 746 1985 supplicium,
1000 1945 1053 1976 Ad
1080 1945 1159 1976 caeli
1187 1945 1358 1985 palatium3

258 1993 385 2032 Gaude,
411 1991 470 2024 flos
494 1993 699 2034 virginitatis,
951 1993 1018 2024 Fac
1044 2002 1101 2024 nos
1128 1993 1180 2024 hic
1205 1994 1250 2024 ita
1276 1994 1394 2031 vivere,

259 2042 348 2081 Quae
372 2042 405 2073 in
431 2041 553 2081 signum
581 2042 739 2073 castitatis
951 2041 996 2074 Ut
1023 2045 1096 2081 post
1121 2046 1255 2073 mortem
1282 2042 1362 2073 lucis
1391 2051 1484 2074 verae

310 2089 377 2122 Lac
403 2088 512 2122 fundis
538 2089 734 2124 mellifluum.
1003 2089 1183 2122 Sortiamur
1206 2090 1366 2129 gaudium.

263 2170 386 2198 Collect.
407 2178 460 2196 ms.
483 2169 657 2197 Carthusiae
672 2170 812 2206 Capellae
835 2173 863 2198 S.
886 2170 999 2197 Mariae
1022 2169 1099 2204 apud
1115 2170 1240 2205 Angiani
1261 2177 1338 2198 saec.
1363 2170 1405 2198 15.
1440 2172 1510 2199 Cod.

187 2209 359 2239 Bruxellen.
380 2207 466 2237 4961.
494 2224 521 2227 —
544 2207 572 2241 4,
593 2207 611 2235 2
633 2209 715 2242 Quae
737 2213 803 2245 post
823 2212 977 2236 tormenta.
1002 2223 1034 2227 ᾖ
1058 2208 1141 2236 Nach
1163 2209 1228 2237 dem
1245 2210 1333 2237 Lietle
1348 2210 1421 2246 folgt
1436 2212 1510 2238 noch

186 2258 242 2277 vor
263 2249 315 2276 der
335 2248 438 2276 Oratio
459 2248 525 2275 eine
549 2248 615 2274 Ant.
636 2249 691 2274 mit
710 2248 745 2274 V.
767 2248 825 2275 und
847 2249 880 2275 R.

186 2308 221 2336 A.
243 2307 269 2334 O
291 2307 430 2334 caelestis
451 2307 533 2342 regni
556 2314 632 2338 rosa,
882 2307 916 2333 V.
938 2306 1012 2332 Esto
1034 2306 1120 2333 nobis
1142 2306 1295 2339 medicina,

247 2345 414 2374 Katherina
433 2353 585 2382 generosa,
941 2344 1116 2371 Veneranda
1137 2345 1310 2379 Katherina,

246 2385 330 2419 Quae
353 2384 479 2420 probata
499 2383 582 2411 velut
603 2391 706 2410 aurum
883 2385 916 2411 R.
939 2383 980 2410 Ut
1001 2387 1095 2410 tecum
1121 2383 1216 2411 laudis
1239 2386 1362 2413 iuhihun

246 2423 353 2452 Coram
374 2421 490 2451 Christo
511 2423 606 2450 defers
627 2421 753 2453 laudem⁷
943 2423 1041 2449 simus
1068 2425 1205 2450 canentes
1228 2425 1258 2450 in
1279 2425 1401 2452 caelum.
