1651 2680
157 153 213 186 83.

159 378 216 410 84.

161 607 215 641 85.

157 837 215 868 86.

157 1064 214 1096 87.

158 1293 213 1325 88.

159 1522 214 1554 89.

160 1751 217 1782 90.

697 53 932 89 -60-

242 153 268 186 Ο
295 150 447 183 creatoris
474 149 630 190 dignitas!

243 201 376 239 Quanta,
404 197 506 238 qualis
532 197 712 230 humilitas!

240 247 301 286 Qui
326 247 389 278 tuis
414 246 533 277 sanctis
559 245 703 277 manibus

243 294 416 334 Discipulis
443 294 646 325 cernentibus

244 377 426 408 Prostratus
452 375 551 414 pedes
576 374 690 415 abluis,

242 424 290 455 Tu
316 423 367 462 qui
394 421 549 462 superbos
576 421 710 463 respuiS‚

244 471 392 503 Formam
419 470 604 510 praetendis
632 469 781 501 humilem

243 521 294 552 Ad
322 524 353 550 te
379 519 571 557 placandum
598 518 718 550 utilem.

244 607 323 646 Ave,
352 614 443 644 quem
468 605 567 636 tradit
594 603 701 635 osculo

243 653 340 685 ludas
366 654 419 684 vili
446 652 641 687 munusculo,

244 704 323 739 Ave.
348 710 408 741 pro
432 710 482 731 me
508 699 697 740 flagellatus.

240 751 320 781 Ave.
348 749 447 787 spinis
475 751 652 779 coronatus.

242 834 291 865 Tu
317 837 487 873 consputus
513 839 545 864 et
571 832 692 864 illusus.

240 882 325 913 Tuus
360 882 487 921 sanguis
522 890 580 921 pro
607 888 655 910 me
683 878 780 920 fusus⁷

241 929 380 961 Satiatus
408 928 571 961 doloribus

240 977 377 1009 Sociaris
402 976 590 1008 latronibus

242 1063 296 1095 Ori
323 1066 376 1094 tuo
403 1062 579 1103 porrigitur

241 1112 386 1149 Acetum,
415 1111 463 1142 cui
491 1110 533 1141 fel
560 1109 709 1150 iungitur,

241 1159 318 1190 Post
344 1159 438 1190 talem
465 1162 572 1197 potum
600 1157 752 1188 traditum

242 1207 390 1238 Sanctum
418 1206 535 1238 emittis
562 1205 719 1244 spiritum.

241 1294 320 1329 Ave,
349 1301 407 1331 pro
433 1291 524 1323 nobis
551 1291 698 1329 moriens7

240 1340 328 1372 Patri
354 1348 479 1379 semper
504 1339 689 1379 oboedienS,

240 1389 319 1425 Ave.
347 1397 440 1418 manu
468 1387 640 1427 sanguinea

240 1435 320 1467 Dira
345 1443 514 1474 percussus
541 1435 662 1466 lancea.

242 1520 410 1552 'transfixa
436 1521 531 1551 corde
557 1519 665 1551 sancio

242 1568 330 1600 Tunc
356 1568 510 1600 Simeonis
537 1568 643 1607 gladio

242 1615 340 1647 Flens
366 1620 467 1647 mater
494 1616 590 1647 corde
616 1615 753 1655 percipit

243 1664 376 1703 Vulnus,
403 1664 487 1703 quod
513 1664 594 1694 latus
621 1663 747 1703 recipit,

243 1750 323 1789 Ave,
351 1750 475 1788 sepulte
501 1749 645 1792 Domine,

246 1797 452 1829 Descendens
477 1798 510 1829 in
536 1798 697 1837 voragine.

242 1845 397 1877 Tartarea
422 1845 474 1886 qui
501 1845 636 1886 fregisti,

243 1892 336 1926 Unde
363 1898 431 1925 tuos
456 1893 604 1926 eduxisti.

158 1981 214 2012 91.
239 1981 319 2021 Ave,
346 1988 478 2019 surgens
503 1989 521 2010 a
547 1979 679 2011 mortuis

160 2206 217 2238 92.

244 2027 285 2059 Et
311 2036 471 2066 apparens
498 2026 559 2058 cito
586 2027 658 2066 tuis,

245 2077 324 2116 Ave,
353 2075 510 2106 scandens
536 2075 577 2107 ad
602 2075 743 2115 aethera,

246 2121 353 2154 Patris
379 2123 495 2154 sedens
520 2122 554 2153 in
581 2122 724 2154 dextera.

244 2206 324 2243 Ave,
352 2203 405 2243 qui
431 2204 533 2243 patris
561 2203 701 2235 debitum

244 2251 295 2285 Ab
320 2252 478 2284 aethereis
503 2251 633 2283 sedibus

244 2301 396 2333 Sanctum
423 2299 614 2330 transmittis
640 2300 787 2339 spiritum

247 2347 484 2387 Discipulorum
513 2346 672 2380 cordibus.

867 150 923 184 93.

867 377 923 410 94.

869 607 923 639 95.

865 837 920 869 96.

867 1065 920 1098 97.

867 1295 922 1327 98.

872 1525 926 1557 99.

849 1754 926 1787 100.

848 1979 927 2011 101.

850 2203 927 2237 102.

948 149 1078 190 Quaerit
1102 151 1258 188 purgator
1281 145 1439 178 scelerum

948 196 1096 230 Hominis
1121 198 1259 228 mentem
1283 193 1444 234 hospitem

951 244 994 276 Et
1020 244 1200 276 divinorum
1225 250 1357 283 operum

949 292 1116 324 Hominem
1143 289 1222 322 facit
1245 289 1404 322 comitem.

950 378 976 410 Ο
1002 386 1095 417 quam
1122 376 1260 408 clemens
1279 373 1473 414 benignitas,

951 425 976 457 Ο
1002 434 1095 464 quam
1123 424 1229 455 suavis
1256 423 1384 460 caritas,

951 472 1077 504 Docens
1103 471 1179 512 quid
1206 471 1247 502 sit
1273 468 1443 509 fragilitas,

951 519 1032 559 Quid
1060 520 1100 552 sit
1127 519 1228 550 virtus
1255 522 1287 549 et
1312 517 1448 550 veritas!

950 608 1032 644 Ave,
1059 606 1155 637 iudex
1180 604 1378 636 adventurus

951 653 994 685 Et
1021 653 1177 693 condigne
1203 651 1388 683 redditurus

952 701 1050 733 Iustis
1075 706 1206 731 aeterna
1231 699 1358 739 gaudia,

952 749 1048 781 Malis
1077 757 1150 779 vero
1176 747 1346 787 supplicia.

948 836 1027 870 Ave.
1056 836 1138 874 Iesu,
1165 837 1279 873 potens
1304 833 1396 875 ignis,

949 882 1039 922 Quod
1059 881 1214 922 probatur
1231 881 1338 913 multis
1355 881 1463 922 signis,

950 930 997 962 Tu
1025 939 1079 961 cor
1103 929 1252 960 accendis
1278 927 1439 970 frigidum,

950 978 1084 1018 Nigrum
1112 978 1210 1008 vertis
1235 977 1268 1008 in
1287 976 1470 1009 candidum.

949 1064 997 1095 Tu
1023 1063 1179 1103 superbos
1204 1062 1374 1101 incineras,

950 1111 1039 1143 Dura
1065 1111 1180 1149 mollis,
1208 1119 1259 1142 res
1286 1114 1410 1142 teneras

950 1159 1118 1191 Convertis
1143 1159 1176 1190 in
1204 1157 1367 1197 duritiem,

950 1207 1069 1239 Mentis
1096 1207 1192 1246 erigis
1218 1208 1330 1239 aciem.

951 1295 1031 1332 Ave,
1056 1292 1174 1333 linguis
1202 1294 1234 1324 in
1261 1293 1362 1332 igneis

950 1343 978 1373 A
1005 1341 1134 1372 sedibus
1162 1340 1320 1372 aethereis

954 1389 1148 1422 Promissum
1173 1390 1303 1420 mittens
1325 1389 1472 1427 spiritum

954 1437 991 1468 In
1017 1445 1145 1477 gregem
1171 1437 1230 1468 tibi
1256 1436 1430 1468 subditum.

955 1523 1051 1555 Docti
1078 1522 1167 1559 fiunt,
1198 1527 1232 1554 ut
1259 1523 1404 1562 doceant,

954 1571 997 1603 Et
1024 1569 1133 1607 fortes,
1165 1575 1199 1602 ut
1225 1571 1412 1613 sustineant,

954 1619 1212 1659 Perpetrantque
1238 1619 1397 1661 prodigia,

955 1666 1009 1698 Sic
1033 1666 1189 1698 fundatur
1215 1667 1361 1700 ecclesia.

954 1753 1032 1786 Dies
1058 1753 1134 1784 mihi
1162 1753 1324 1791 deficeret,

955 1801 996 1834 Et
1022 1801 1130 1841 lingua
1155 1811 1219 1833 non
1243 1800 1418 1843 sufficeret,

955 1850 988 1882 Si
1018 1849 1196 1881 discurram
1221 1858 1280 1889 per
1305 1851 1410 1882 omnia

955 1897 1004 1929 De
1029 1895 1102 1930 Iesu
1129 1897 1319 1929 laudabilia.

955 1979 1011 2017 Te,
1039 1978 1186 2017 Domine,
1213 1979 1361 2019 salutavi,

955 2026 1082 2058 Laudes
1108 2031 1180 2058 tuas
1206 2028 1361 2067 eructavi,

955 2075 1003 2108 Sit
1029 2074 1088 2106 tibi
1113 2074 1185 2106 laus
1209 2084 1268 2114 pro
1294 2075 1451 2118 omnibus,

954 2124 1040 2160 Quas
1068 2123 1108 2154 de
1133 2126 1165 2153 te
1192 2123 1259 2154 dixi
1284 2124 1447 2157 laudibus.

955 2204 1011 2244 Te,
1038 2204 1082 2235 mi
1107 2203 1191 2244 Iesu,
1219 2205 1374 2247 salutabo,

956 2251 1124 2291 Nunquam
1151 2260 1228 2284 vero
1253 2252 1403 2286 refutabo

955 2300 1009 2332 Me
1034 2304 1066 2330 te
1092 2300 1170 2331 satis
1196 2300 1364 2345 salutasse,

956 2348 1035 2381 Cum
1057 2351 1089 2379 te
1107 2347 1236 2380 credam
1255 2358 1305 2382 me
1322 2350 1478 2386 salvasse.
