1651 2680
749 97 983 134 „35-

225 204 280 236 31.
306 200 350 234 Et
373 209 413 231 ne
437 208 496 231 nos
523 197 691 237 despicias,
909 196 966 229 34.
990 193 1056 226 Sed
1080 193 1184 227 libera
1207 201 1278 234 nos,
1305 191 1460 228 Domine,

355 252 455 288 pater,
483 250 515 278 te
540 253 718 284 precemur,
1040 241 1151 284 libera,
1179 241 1361 278 clamamus,

308 298 516 334 impetremus
540 293 675 334 veniam,
991 288 1060 321 Nos
1084 299 1103 321 a
1127 288 1268 329 peccatis
1293 285 1451 323 omnibuS,

355 343 479 381 culpam
505 340 559 380 qui
586 348 753 380 meremur,
1040 337 1152 379 libera,
1180 342 1340 374 rogamuS,

308 390 425 424 Libera
450 398 507 421 nos
534 387 652 428 debito,
991 384 1122 421 Libera,
1148 384 1201 423 qui
1227 381 1323 413 noxia

355 441 458 478 pater,
484 446 546 476 quo
571 440 726 474 tenemur,
1039 433 1125 464 mala
1150 433 1366 470 reportamus,

307 486 351 518 Ut
378 486 409 516 in
435 486 497 516 tuis
523 483 670 516 laudibus
991 479 1121 519 Libera,
1148 479 1201 519 qui
1228 476 1394 508 criminum

356 542 481 572 semper
508 532 711 564 delectemur.
1039 527 1112 567 iugo
1136 533 1263 566 semper
1281 527 1417 555 stamus-

224 651 280 682 32.
305 647 450 679 Inducas
477 646 591 677 nostris
618 645 716 676 oculis
911 644 966 676 35.
992 641 1024 673 A
1049 640 1136 672 malo
1164 638 1275 670 mortis
1301 637 1446 673 turbine,

355 694 473 726 fontem
501 693 710 733 lacrimarum,
1041 689 1179 729 Christe,
1207 694 1264 716 nos
1291 683 1444 723 defende,

307 743 350 775 Ut
378 743 563 781 plangamus
590 741 733 778 erimina,
991 737 1108 768 Matris
1134 740 1206 766 tuae
1232 733 1354 764 meritis

355 790 447 820 dator
473 788 657 828 gratiarum,
1041 788 1072 814 te
1097 783 1188 814 nobis
1215 781 1348 812 ostende

305 838 367 868 (for
393 837 562 868 contritum
590 845 758 874 praepara,
993 832 1046 872 Et,
1075 833 1101 862 si
1127 831 1211 861 mala
1237 828 1387 869 gerimus,

352 888 387 914 ut
411 894 535 923 semper
561 884 601 913 sit
627 892 768 914 amarum
1039 879 1165 910 veniam
1190 876 1351 917 impende,

305 932 354 964 Ex
383 932 508 963 delictis
534 935 709 972 pectorum,
993 927 1179 966 Supplicum
1207 923 1387 955 defectibus

357 980 449 1010 dator
475 981 648 1011 veniarum.
1039 974 1198 1014 propitius
1224 971 1366 1004 intende.

224 1097 278 1127 233.
306 1094 346 1125 In
375 1094 611 1132 temptationem
641 1093 753 1123 duram
911 1091 966 1123 36.
994 1089 1115 1127 Honor,
1142 1088 1210 1119 laus
1237 1092 1267 1117 et
1295 1086 1393 1126 gloria

353 1142 507 1172 currimus
534 1139 726 1179 frequenter,
1043 1137 1083 1166 sit
1110 1143 1250 1166 summae
1275 1134 1448 1173 maiestati,

306 1189 452 1221 Defende
478 1198 547 1220 nos.
575 1188 727 1227 benignus
995 1185 1161 1216 Portemus
1187 1182 1400 1214 reverentiam

353 1240 454 1275 pater,
485 1244 685 1275 quaesumus,
712 1236 895 1275 clementer,
1040 1232 1142 1262 almae
1168 1230 1316 1269 trinitati,

304 1284 347 1317 Ut
375 1285 530 1323 po>si1uus
557 1284 740 1322 teinptatori
993 1279 1066 1310 Toti
1093 1279 1223 1310 caelesti
1252 1279 1370 1313 curiae,

353 1332 502 1362 resistere
527 1334 686 1370 potenter,
1038 1332 1072 1358 ut
1099 1336 1225 1367 semper
1251 1326 1315 1357 sint
1341 1325 1446 1365 parati

306 1379 347 1411 Et
374 1383 498 1410 nostras
525 1378 726 1410 infirmitates
992 1375 1043 1406 Ad
1072 1375 1307 1415 impetrandum
1335 1374 1459 1405 venian]

356 1436 431 1457 cura
459 1427 638 1466 diligenter.
1043 1423 1082 1454 de
1109 1423 1236 1454 turbine
1263 1423 1399 1461 peccati.

291 1538 410 1566 Colleet.
442 1548 493 1564 ms.
524 1538 792 1565 l-‘iirstenfeldenses
823 1545 899 1564 saec.
923 1536 966 1564 15.
988 1536 1060 1563 Cim.
1083 1537 1236 1563 Monacen.
1263 1534 1347 1562 7016.
1396 1535 1429 1568 5,
1455 1533 1473 1562 6
1501 1538 1534 1562 et

211 1578 291 1604 fehlt.
317 1591 350 1596 -—
379 1576 411 1608 5,
435 1575 449 1602 ’ἶ
478 1586 533 1611 que
561 1575 639 1602 fehlt.
668 1591 703 1595 --
725 1575 778 1607 ⁴20,
799 1574 816 1602 8
842 1577 921 1602 viam
949 1578 1088 1602 nostram.
1116 1590 1152 1592 —
1174 1574 1225 1605 25,
1252 1573 1270 1600 4
1299 1576 1345 1600 sit.
1373 1589 1411 1593 —
1432 1571 1487 1606 ⁶28,
1512 1572 1535 1600 4-

213 1617 316 1643 brutis.
344 1629 381 1633 -
407 1613 457 1641 28.
484 1616 500 1641 6
529 1623 584 1650 que
612 1614 691 1640 fehlt.
721 1629 756 1632 —
777 1611 830 1645 32,
862 1612 878 1640 7
907 1616 1102 1648 peccatorum.
1123 1628 1161 1631 —
1184 1613 1383 1647 „Praecedens
1410 1621 1533 1640 carmen

214 1654 354 1680 orationis
382 1653 546 1679 dominicae
573 1654 676 1687 scripsi
699 1653 847 1679 Bononiae
876 1653 906 1678 in
933 1653 1062 1679 oratorio
1092 1653 1185 1678 sancti
1207 1652 1339 1678 Petronii
1367 1652 1421 1678 sub
1453 1659 1535 1677 anno

215 1692 333 1719 homini
355 1692 510 1718 millesimo
532 1691 820 1726 quadringentesimo
842 1691 990 1718 tricesimo
1012 1691 1135 1725 septimo
1158 1690 1301 1717 kalendas
1322 1690 1408 1722 Iulii,
1433 1690 1533 1725 ponti-

212 1731 314 1757 ficatus
330 1730 387 1755 Dni
402 1729 538 1765 Eugenii,
562 1737 653 1764 papae
669 1731 776 1764 quarti,
799 1737 876 1755 anno
891 1731 1024 1764 septimo,
1041 1729 1209 1763 quiquidem
1226 1737 1278 1763 pro
1294 1731 1364 1755 tuuc
1378 1727 1538 1756 residebat

214 1767 391 1795 Bononiaef‘
435 1768 494 1794 Der
515 1766 668 1794 ,Schreiber
691 1765 849 1794 Hainricus
871 1767 1002 1804 Prugger
1027 1767 1061 1793 de
1081 1767 1249 1803 Holnpach.

657 1938 703 1968 25.
736 1938 834 1977 Super
854 1937 950 1968 Pater
970 1938 1089 1969 Noster.

253 2060 286 2092 1.
312 2058 410 2090 Pater
436 2058 528 2097 alme,
556 2065 630 2088 vere
655 2057 752 2098 Deus,
935 2058 966 2089 2.
994 2056 1056 2096 Qui
1082 2066 1113 2089 es
1139 2060 1172 2088 et
1194 2058 1226 2089 in
1253 2056 1412 2089 infinitum

307 2106 359 2138 Ad
387 2110 418 2136 te
445 2106 545 2137 clamo
569 2109 727 2144 tamquam
753 2112 836 2146 reus,
994 2104 1080 2136 Deus
1107 2106 1182 2146 eris,
1211 2113 1266 2136 cor
1292 2106 1467 2137 contritum

310 2153 353 2187 Ut
381 2157 414 2184 tu
441 2154 484 2184 sis
509 2153 638 2185 adiutor
663 2161 749 2184 meus
994 2152 1137 2194 Praesta,
1153 2161 1280 2193 precor,
1293 2153 1536 2192 praemunitum

355 2201 431 2233 Cum
457 2202 520 2232 tuis
545 2200 726 2232 virtutibus.
1041 2200 1122 2231 Esse
1149 2210 1219 2232 cum
1246 2200 1429 2235 humilibuS.

307 2249 424 2282 Noster
449 2250 568 2289 optime
594 2249 746 2289 salvator,
994 2247 1039 2280 In
1064 2248 1162 2281 caelis
1188 2254 1222 2281 tu
1247 2258 1304 2280 nos
1332 2249 1478 2291 dignare,

308 2299 394 2330 Deus
419 2298 556 2329 omnium
585 2300 723 2336 creator,
999 2296 1116 2327 Sancte
1142 2297 1238 2335 Deus,
1267 2297 1436 2341 collocare,

309 2346 358 2379 Tu
385 2354 419 2376 es
442 2346 614 2385 gratiarum
641 2344 737 2376 dator
999 2344 1048 2375 lbi
1075 2342 1126 2375 fac
1151 2354 1209 2376 nos
1234 2344 1381 2377 habitare

357 2393 420 2425 Hic
445 2397 477 2424 et
501 2394 533 2424 in
560 2392 760 2425 caelestibus.
1046 2393 1083 2424 In
1107 2392 1256 2432 supernis
1282 2393 1428 2427 aedibus.
