1651 2680
711 104 966 141 -203-

211 200 245 234 5.
271 195 390 234 Nobile
414 198 603 242 triclinium,

319 247 368 279 Tu
394 245 504 279 forma
527 248 704 290 virginalis,

271 295 410 328 Deitatis
439 294 592 326 scrinium

317 343 361 376 Et
385 342 445 375 flos
473 343 661 382 imperialis.

213 431 247 466 6,
274 427 366 465 Nunc
394 438 466 461 rore
494 429 589 469 plena
614 431 737 470 gratiae

317 478 495 516 Nubesque
519 477 686 517 luminosa,

271 526 440 560 Canticum
468 526 620 565 laetitiae,

316 575 476 606 Restaura
506 573 646 604 ruinosa.

214 662 245 696 7.
271 658 316 694 Et
341 660 503 692 vinculum
530 660 671 691 malitiae

317 709 477 743 Dissolve,
507 708 712 746 dominatrix,

269 757 408 790 Caelesti
435 756 569 787 militiae

314 805 488 844 Coniunge,
516 804 698 836 mediatrix.

213 893 243 926 8.
272 889 322 926 Sis
350 892 440 923 nobis
467 891 619 930 propitia.

318 941 401 972 Diva
427 939 569 980 pietatis,

269 988 365 1020 Solve
393 991 502 1019 nostra
528 987 616 1023 vitia,

315 1037 340 1069 Ο
369 1037 467 1067 decus
494 1034 662 1066 castitatis.

209 1125 242 1157 9.
270 1121 430 1157 Karitatis
459 1121 584 1152 vinculo

315 1171 380 1202 Nos
408 1177 534 1208 semper
561 1169 743 1209 constringe

267 1220 308 1251 Et
336 1218 481 1251 caritatis
508 1217 629 1248 viscera

314 1267 381 1299 Nos
408 1265 505 1297 indue
531 1265 675 1304 benigne.

186 1357 241 1389 10.
271 1351 404 1388 Emulos
430 1361 486 1383 nos
514 1351 612 1383 facias

315 1403 419 1433 Verae
446 1400 614 1434 castitatis,

266 1452 440 1483 Amatores
467 1447 567 1480 facias

314 1498 435 1532 Christi
460 1496 670 1536 paupertatis.

184 1586 239 1618 11.
266 1583 362 1619 casta
391 1586 482 1623 virgo
509 1588 540 1614 et
566 1583 685 1623 regina,

315 1634 423 1665 Mater
450 1632 630 1669 salvatoris,

268 1681 369 1714 Serva
397 1690 453 1712 nos
480 1689 497 1711 a
524 1679 610 1711 tristi
638 1688 715 1710 nece

315 1729 470 1763 Omnibus
496 1729 526 1759 in
556 1728 651 1759 horis.

187 1818 241 1850 12.
269 1814 464 1857 Karbybdis
491 1815 632 1846 malitiae

317 1865 384 1898 Nos
412 1872 570 1903 nunquam
599 1863 741 1894 involvat

267 1914 308 1946 Et
335 1923 432 1946 orcus
459 1912 607 1943 miseriae

314 1962 382 1994 Nos
408 1970 470 1993 non
498 1959 730 2000 deprehendat.

188 2044 242 2078 13.
270 2041 342 2082 Eia.
372 2045 461 2084 virgo
487 2043 585 2082 regia,

314 2093 415 2125 Rivus
441 2090 542 2122 fluens
568 2090 674 2127 melle,

265 2141 336 2173 Tua
362 2150 420 2180 per
445 2139 596 2179 suffragia

315 2189 407 2221 Mala
432 2188 544 2227 procul
571 2186 668 2226 pelle.

184 2273 239 2306 14.
268 2268 361 2305 Nunc
389 2271 542 2302 virtutum
570 2268 690 2308 regula,

318 2319 476 2352 Genetrix
503 2317 651 2356 benigna,

270 2369 398 2402 Cuncta
423 2375 520 2408 prece
546 2365 659 2397 sedula

315 2415 505 2458 comprime
528 2413 679 2454 maligna.

887 203 943 236 15.
970 201 1076 242 Salve,
1105 203 1188 242 regis
1213 202 1352 243 gentium

1018 252 1142 292 Sponsa
1166 250 1348 290 sunamitis,

969 299 1061 331 Sitim
1088 298 1173 339 pelle
1200 299 1361 336 mentium,

1015 347 1120 379 Radix
1147 355 1241 377 verae
1267 347 1350 380 vitiS.

884 432 938 464 16.
967 429 1070 464 Tuum
1099 432 1190 464 nobis
1216 433 1332 472 iugiter

1011 481 1103 512 Assit
1130 481 1345 519 consolamem

964 529 1013 560 Ac
1040 528 1070 558 in
1101 532 1203 558 morte
1230 527 1363 558 firmiter

1015 576 1117 606 Prosit
1145 575 1344 607 adiuvamen.

881 662 936 695 17.
964 659 989 695 Ο
1019 662 1138 693 Christi
1166 670 1324 700 puerpera

1010 709 1123 741 Dulcis
1149 714 1178 739 et
1206 714 1351 748 patrona.

963 756 1029 788 Nos
1058 761 1227 796 peccantes
1255 766 1371 796 repara

1010 805 1199 836 Auferendo
1227 815 1317 838 vana.

879 891 933 923 18.
964 888 1087 931 Regina
1117 891 1230 929 duleis,
1260 890 1357 922 filium

1014 941 1075 971 Pro
1105 938 1196 970 nobis
1224 944 1299 969 tune
1327 948 1434 979 exora,

963 988 1098 1025 Quando
1127 996 1213 1017 suurn
1244 987 1405 1017 stimulum

1014 1035 1104 1066 Mors
1131 1034 1221 1065 offert
1249 1035 1316 1065 sine
1344 1044 1440 1065 mora.

881 1122 934 1154 19.
963 1120 1038 1157 Fac.
1065 1132 1082 1153 o
1111 1121 1200 1161 pacis
1229 1121 1400 1160 vinculum,

1011 1170 1107 1209 Virgo
1134 1169 1317 1208 singularis,

961 1219 1005 1251 Ut
1034 1221 1200 1257 tergantur
1227 1217 1369 1255 crimina,

1007 1267 1122 1298 Portus
1149 1265 1310 1296 salutaris.

877 1353 933 1386 20.
963 1349 1035 1384 Fiat
1063 1356 1092 1382 et
1123 1360 1181 1390 per
1207 1352 1340 1389 gratiam

1009 1400 1121 1431 Nostri
1150 1399 1331 1439 salvatoris,

962 1447 1006 1480 Ut
1031 1448 1075 1478 sis
1103 1447 1223 1487 piatrix
1252 1447 1419 1477 criminum

1011 1496 1200 1534 Pultrixque
1228 1496 1392 1526 macroris.

879 1584 934 1617 21.
964 1580 1026 1621 En,
1054 1588 1087 1614 tu
1115 1583 1183 1614 sole
1210 1583 1374 1622 pulchrior

1012 1632 1111 1663 Stella
1141 1631 1306 1668 matutina,

964 1680 1029 1711 Nos
1058 1679 1250 1711 famulantes
1277 1679 1335 1709 tibi

1011 1728 1125 1759 Serv-es
1153 1737 1171 1758 a
1198 1729 1298 1759 ruina.

879 1816 936 1847 22.
965 1811 1126 1854 Rogamus
1155 1822 1230 1852 ergo
1257 1813 1419 1853 supplices

1012 1863 1069 1900 Te,
1097 1862 1154 1893 flos
1185 1862 1387 1903 virginitatis,

963 1911 1045 1942 Nam
1074 1915 1186 1950 portus
1213 1910 1431 1949 indulgentiae

1010 1959 1065 1995 Es.
1095 1958 1199 1990 fornia
1226 1958 1417 1989 sanctitatis.

879 2042 935 2073 23.
965 2038 1012 2074 Da
1041 2041 1132 2072 nobis
1161 2045 1246 2070 tuam
1274 2040 1418 2081 gratiani,

1013 2089 1146 2120 Gratiae
1176 2088 1338 2127 pincerna,

964 2137 1016 2168 Ad
1044 2136 1198 2168 tuendum
1227 2146 1375 2178 propt-ra,

1011 2185 1199 2224 Mergamur
1227 2195 1264 2215 nc
1293 2184 1427 2219 inferna.

880 2268 937 2300 24.
966 2264 1011 2301 Es
1039 2267 1131 2298 radix
1158 2266 1331 2305 odorifera7

1015 2316 1136 2347 Veniae
1163 2314 1304 2352 lucerna,

967 2365 1072 2401 Purga
1100 2371 1167 2400 ηοε,
1197 2372 1366 2404 puerpera,

1014 2414 1042 2444 A
1071 2412 1143 2444 labe
1170 2416 1311 2444 veterna.
