1651 2680
147 192 204 226 49.

149 662 204 695 50.

148 1132 204 1166 51.

153 1601 211 1634 52.

669 91 929 128 —345—

231 190 295 223 Per
319 187 442 222 narium
468 187 616 220 illicitum

277 236 411 279 peccavi
434 235 616 271 odoratum,

232 285 420 318 Libidinose
443 284 610 316 attrahens

281 335 313 366 et
337 331 484 364 emittens
509 331 633 373 flatum,

230 380 433 414 Immundum
459 382 491 410 et
514 380 661 412 illicitum

280 428 411 462 odorem
437 427 560 460 habens
587 432 723 468 gratum,

233 477 328 509 Hunc
345 485 472 508 sensum
487 476 564 508 mihi
579 477 768 516 praestitum

282 527 472 557 convertens
495 524 528 555 in
555 528 732 564 peccatum.

231 659 367 692 peccavi
392 662 480 690 tactu
505 659 638 690 sordido

279 715 392 738 manus
419 707 603 746 polluendo,

232 755 363 795 Illicita,
388 753 514 787 nefaria

279 803 506 843 immundaque
533 803 704 843 tangendo,

231 851 321 884 Mala
347 850 557 882 multiformia

278 899 425 931 manibus
451 900 586 938 agendo,

231 948 367 987 Damna,
396 947 592 988 violentiam,

280 995 344 1028 vim
369 995 464 1028 fratri
490 994 670 1028 inferenda

234 1130 376 1162 Pedibus
403 1129 519 1161 illicite

280 1178 414 1220 peccavi
440 1177 631 1215 incedendo,

235 1227 327 1259 Viam
354 1226 444 1267 pavis
472 1226 636 1262 deserens,

283 1275 325 1307 ad
352 1275 476 1306 scelera
503 1274 671 1313 currendo,

234 1323 288 1356 Ad
314 1323 402 1356 lusus
430 1327 461 1354 et
486 1323 672 1362 spectacula

286 1381 370 1404 vana
395 1371 584 1411 gradiendo,

236 1421 426 1454 Inconstans
453 1424 485 1451 et
509 1418 670 1451 instabilis

285 1477 323 1501 ac
350 1477 448 1509 vagus
475 1468 672 1499 exsistendo.

238 1599 363 1640 Capitis
387 1609 407 1630 a
432 1598 554 1630 vertice

284 1648 430 1689 plantam
455 1655 555 1686 usque
581 1647 674 1686 pedis

236 1696 357 1728 Plenus
379 1705 449 1727 sum
476 1694 643 1734 spurcitiis

284 1743 512 1783 illecebrisque
538 1742 653 1779 foedis.

236 1793 352 1826 Totum
381 1800 498 1832 corpus
524 1791 657 1822 subdidi

283 1841 500 1883 malignonum
529 1839 671 1879 praedis,

237 1891 275 1923 In
302 1890 426 1922 foetore
451 1888 595 1920 sordium

285 1939 482 1971 assimilatus
509 1936 635 1969 hoedis.

157 2073 215 2106 53.
244 2070 382 2104 Peccavi
408 2078 468 2109 per
493 2067 677 2109 superbiam

290 2127 343 2152 me
366 2118 474 2158 ipsum
500 2116 686 2148 extollendo

240 2167 286 2200 Et
309 2167 353 2200 ad
379 2167 506 2198 inanem
533 2164 667 2205 gloriam

286 2215 447 2250 iactanter
472 2211 702 2254 praeferendo,

240 2263 394 2297 Pertinax
418 2266 451 2294 et
477 2265 647 2294 contumax

287 2312 321 2344 in
345 2309 594 2350 inoboediendo,

241 2361 302 2393 His
328 2363 361 2392 et
385 2359 495 2392 multis
518 2358 592 2390 aliis

289 2407 394 2441 modis
419 2405 649 2447 superbiendo.

842 192 897 224 54.

842 663 897 694 55.

852 1131 906 1162 56.

849 1599 905 1631 57.

856 2067 911 2098 58.

923 191 1106 224 Invidiosus
1133 192 1242 224 exstiti

971 239 1144 272 detrahens
1169 240 1376 281 susurrandO,

923 288 960 319 In
987 289 1131 320 adversis
1158 289 1296 328 proximi

972 334 1156 376 frequenter
1183 337 1373 368 exsultando

926 383 968 414 Et
994 384 1025 415 in
1053 384 1193 415 eiusdem
1220 385 1383 425 prosperis

974 430 1129 463 afflictum
1157 441 1211 463 cor
1236 432 1400 474 gestando,

925 479 984 510 His
1010 479 1114 512 modis
1140 488 1199 520 per
1222 480 1377 511 invidiam

973 530 1004 557 et
1034 527 1106 558 aliis
1132 528 1306 568 peccando.

926 661 988 692 Per
1013 661 1091 692 iram
1120 665 1151 692 et
1177 670 1234 700 per
1260 662 1367 693 odium

975 709 1107 748 peccavi
1134 710 1351 747 tumescendm

926 756 1038 793 Rixas,
1065 758 1284 790 contumelias.

976 804 1145 835 clamorem
1174 804 1380 844 proferendo,

927 852 1102 891 Indignaris
1129 853 1160 884 in
1188 854 1292 884 animo

971 901 1124 931 malitiam
1158 899 1302 939 ferendo,

930 947 983 979 Sic
1010 952 1039 978 et
1066 949 1291 986 multipliciter

974 1005 1033 1035 per
1058 997 1138 1027 iram
1166 996 1394 1035 delinquendo,

935 1130 1044 1160 Victus
1072 1129 1207 1160 avaritia

979 1186 1047 1208 sum
1074 1176 1220 1208 fraudem
1244 1176 1404 1210 faciendo,

931 1225 1097 1261 Fallaciis,
1124 1225 1272 1265 periuriis

978 1275 1159 1313 proximum
1185 1272 1339 1309 fallendo,

932 1322 1067 1353 Pietatis
1093 1331 1188 1361 operi·

980 1370 1157 1409 affectuque
1184 1369 1333 1409 carendo,

932 1417 984 1449 Sic
1011 1427 1069 1456 per
1094 1417 1263 1449 avaritiam

980 1470 1146 1506 peccatum
1172 1464 1375 1505 adaugendo.

933 1598 995 1630 Per
1021 1596 1129 1628 vitium
1157 1597 1281 1628 acidiae

982 1645 1144 1676 foedatum
1172 1654 1220 1675 me
1247 1643 1424 1685 perpendo,

931 1693 1088 1732 Torpens,
1116 1693 1343 1733 pusillanimis,

980 1742 1131 1773 remissus
1159 1742 1337 1773 existendo

935 1790 1053 1821 Tristis
1080 1789 1152 1820 boni
1182 1789 1333 1827 taedium,

983 1837 1144 1877 pigritiam
1173 1837 1330 1875 habendo,

936 1885 1162 1918 Multimoduni
1190 1885 1315 1916 acidiae

982 1935 1106 1974 lapsum
1134 1934 1338 1965 incurrendo.

940 2065 1076 2096 Peccavi
1103 2073 1162 2103 per
1187 2064 1358 2105 ingluviem

988 2112 1092 2144 ventri
1118 2111 1298 2154 serviendo,

938 2161 1087 2192 Delicata
1112 2164 1278 2201 appetens,

985 2206 1148 2248 superflua
1172 2209 1337 2248 sumendo,

936 2257 1040 2288 Vitam
1067 2257 1098 2288 in
1127 2256 1296 2289 desideriis

984 2305 1090 2337 carnis
1117 2305 1312 2346 peragendo,

936 2353 1190 2394 circumquaque
1218 2354 1303 2385 vitiis

987 2411 1046 2443 per
1069 2402 1175 2442 gulam
1201 2401 1452 2434 succumbendo.
