1651 2680
685 76 943 111 -362—

399 170 460 201 319.
502 170 600 201 Meti-a
624 171 736 200 contra
756 167 934 200 haereticos
955 170 988 199 ct
1008 166 1231 198 schismaticos.

172 244 203 276 1.
231 242 390 273 Mirentur
414 240 523 272 mundi
550 241 679 272 climata
868 240 900 274 8.
927 238 1076 271 Infirmus
1103 247 1163 271 non
1188 237 1387 278 perungitur,

233 288 474 320 Haereticorum
500 289 683 327 schismata,
926 287 1100 326 Oleumque
1126 286 1303 326 despicitur

274 336 403 368 Zizania
431 337 551 374 dotata,
973 335 1104 368 Sacrum
1131 338 1164 365 et
1189 333 1325 373 vilescit,

228 385 348 416 Evulsa
375 384 479 415 iacent
506 384 583 424 lilia,
928 382 1104 414 Defunctus
1130 382 1192 414 iam
1219 381 1389 414 deducitur

228 432 312 464 Rosa
338 432 494 471 simulque
520 432 613 472 viola,
925 431 969 462 Et
993 431 1114 462 tumulo
1140 430 1318 461 recluditur

276 479 366 511 Lolia
393 480 548 513 radicata.
974 478 1138 517 Campana
1163 487 1224 509 non
1251 477 1401 518 pulsanti.

167 559 199 590 2.
227 557 365 595 Insurgit
393 556 485 588 matri
512 556 589 598 filia,
865 556 896 587 9.
926 554 1083 587 Diffidunt
1109 555 1304 595 purgatorio,

229 605 367 636 Pereunt
394 604 540 636 dotalitia
925 603 972 635 Ob
997 603 1082 642 quod
1108 611 1170 634 nou
1198 603 1295 634 datur
1312 602 1470 642 promotio

277 653 423 684 Summae
451 652 604 689 caritatis,
971 650 1107 683 Animae
1133 650 1291 690 migranti,

230 700 422 740 Propalatur
448 700 650 731 horridorum
925 698 1131 730 Descendunt
1157 702 1250 729 antra
1279 697 1432 740 barathri,

225 747 342 779 Forma
369 757 451 778 nunc
478 747 710 778 haereticorum
928 747 1059 778 Ianuam
1085 745 1145 778 atri
1174 745 1316 785 Cerben‘,

276 795 408 827 Saeculo
436 799 501 827 toto
528 796 614 828 satis.
975 795 1056 827 Sunt
1079 793 1210 825 comites
1237 793 1391 826 Plutonis.

169 874 201 905 3.
229 872 287 903 Est
315 872 484 903 eorundem
512 871 636 903 bonitas
841 872 893 904 10.
923 872 1084 910 pauperes
1109 878 1171 902 non
1197 875 1271 903 sunt
1295 871 1420 910 spiritu,

229 920 351 960 VultuS,
379 920 435 951 sed
464 920 576 950 mentis
603 919 730 958 acritas,
926 918 1162 957 Comprobatur
1188 919 1269 950 bono
1296 919 1370 958 ritu,

274 967 522 1006 Hypocritarum
549 972 642 1007 nota,
973 966 1054 997 Nam
1081 967 1221 1006 gliscunt
1247 975 1300 997 aes
1331 966 1467 1006 habere;

225 1015 361 1055 Eloquia
388 1014 568 1046 blandifera
924 1013 1078 1045 Refutant
1104 1014 1186 1045 enim
1212 1014 1339 1045 obolum

228 1063 355 1094 Venena
377 1067 448 1093 sunt
477 1063 614 1101 viperea,
925 1062 1002 1093 Poni
1028 1063 1060 1093 in
1086 1062 1291 1101 offertorium,

275 1110 392 1141 Nubila
419 1110 578 1149 puritatis.
970 1110 1050 1141 Sunt
1076 1110 1262 1149 deceptores
1288 1118 1373 1143 vere.

166 1191 201 1221 4.
230 1187 355 1219 Statuta
381 1187 499 1218 sanctis
525 1186 644 1218 tradita
846 1187 898 1219 11.
926 1187 1028 1219 Obulo
1054 1196 1112 1218 nec
1139 1187 1301 1227 pellinum,

225 1235 457 1266 Emendatione
483 1235 594 1266 addita
924 1234 1075 1267 Cinturae
1101 1243 1160 1266 nec
1186 1235 1364 1275 capucium,

273 1283 435 1320 Rumpunt
460 1282 521 1312 viri
547 1281 688 1319 fallaces,
972 1282 1044 1313 Non
1070 1286 1222 1321 aptantur
1247 1283 1399 1323 phalera3

226 1330 348 1360 Fantur
373 1330 502 1361 inventa
528 1328 651 1361 frivole.
923 1329 1061 1360 Delicati
1087 1334 1160 1361 sunt
1186 1336 1354 1371 martyres,

225 1378 305 1413 Ach,
333 1376 463 1408 infausti
489 1377 647 1415 agricolae
925 1377 1020 1408 Cibos
1047 1387 1108 1408 non
1135 1377 1196 1409 nisi
1223 1378 1345 1410 nobiles

274 1423 415 1461 Profani,
442 1424 625 1456 mendaces!
972 1424 1089 1456 Volunt
1116 1425 1285 1464 deglutire.

166 1503 197 1534 5.
225 1501 295 1540 Eia,
322 1505 503 1532 sanctorum
527 1500 662 1540 agmina,
841 1502 894 1533 12.
920 1502 1042 1532 Assunt
1067 1506 1097 1532 et
1124 1501 1280 1541 potabilia

227 1549 403 1589 Tangentia
429 1549 507 1580 caeli
534 1548 682 1590 culmina,
923 1549 993 1580 Nisi
1019 1548 1100 1580 bene
1126 1549 1256 1590 nobilia,

275 1597 349 1629 Com
354 1597 482 1636 primite
508 1600 701 1638 peccatores,
969 1597 1059 1635 Quod
1068 1597 1338 1636 possintmensam
1345 1600 1448 1638 polire
1458 1611 1465 1639 ;

226 1643 342 1675 Fertur
367 1645 428 1674 iam
455 1644 629 1675 inaudibile
924 1644 1102 1676 Domentur
1127 1654 1204 1685 ergo
1231 1646 1353 1689 baculo,

225 1692 439 1731 Omnibusque
465 1691 594 1729 odibile,
924 1692 1064 1724 Molares
1090 1693 1262 1732 iungantur
1288 1697 1320 1725 et
1346 1696 1442 1736 collo,

275 1740 381 1772 Sancti
409 1749 470 1771 non
497 1743 700 1772 venerantur.
973 1739 1139 1773 Profundo
1165 1743 1346 1775 madentur.

165 1818 198 1849 6.
226 1816 332 1847 Horae
358 1816 418 1846 iam
446 1824 529 1847 nunc
556 1816 762 1855 denegantur,
842 1818 894 1850 13.
924 1816 994 1849 Non
1021 1817 1082 1848 nisi
1109 1827 1193 1849 nunc
1218 1819 1425 1860 garrulizant,

228 1864 394 1895 Orationes
422 1864 647 1904 depravantur,
924 1865 1049 1905 Ubique
1075 1865 1267 1898 infatuizant

275 1911 424 1950 Undique
451 1912 642 1948 lacerantur,
967 1913 1048 1945 Oves
1072 1914 1202 1955 alienas,

226 1959 353 2006 Signum
381 1960 484 1990 crucis
510 1959 572 1990 iam
599 1960 756 2000 rumpitur
921 1960 1163 1993 oboedientiam
1189 1972 1252 1994 non
1278 1969 1468 2005 sequuntur,

222 2007 390 2047 Imagoque
417 2008 561 2049 deicitur,
921 2008 1036 2040 Omnes
1062 2009 1155 2041 simul
1180 2010 1376 2044 inducuntur

271 2054 384 2087 Omnia
410 2054 616 2088 frustrantur.
971 2056 1023 2088 Ad
1047 2057 1227 2089 aeternales
1253 2068 1383 2099 poenas.

165 2134 196 2166 7.
223 2132 357 2164 Omnino
383 2131 564 2164 benedictio
784 2133 789 2149 ¹
842 2133 897 2165 14.
925 2132 1078 2165 Infelices
1103 2134 1284 2179 latrunculi,

225 2180 393 2220 Spernitur
419 2184 449 2210 et
475 2180 618 2220 aspersio
923 2181 1031 2213 Omnis
1058 2182 1185 2214 virtutis
1211 2185 1338 2223 aemuli,

273 2229 400 2261 Semoto
427 2228 552 2269 rubore,
970 2229 1095 2268 Ubique
1122 2231 1324 2276 divagautur,

224 2275 367 2308 Infantes
390 2276 452 2306 iam
478 2277 701 2316 apportantur,
922 2277 1046 2309 Caritas
1073 2278 1284 2317 periclitatur,

222 2323 426 2356 Fluminibus
453 2327 642 2363 coaptantur
922 2324 1005 2356 Dum
1031 2334 1090 2364 per
1115 2335 1168 2358 eos
1193 2329 1410 2370 praedicatur,

270 2373 385 2413 Spreto
412 2370 508 2403 fontis
535 2378 632 2404 more.
972 2373 1016 2406 Ut
1044 2382 1153 2405 omnes
1179 2378 1395 2416 expellantur.
