1651 2680
710 95 970 130 —383—

186 191 242 224 53.
268 190 360 223 Tunc
379 194 542 231 ponuntur
566 190 690 225 fercula
884 195 938 226 54.
965 193 1054 225 'runc
1081 195 1227 226 caelestis
1255 195 1344 227 curia

315 239 464 272 mirando
489 239 604 282 nitore,
1011 245 1080 273 tota
1104 247 1209 275 movet
1235 247 1358 285 cantus.‚

267 287 410 327 Nardus,
439 296 562 327 crocuS,
590 289 692 320 cassia
963 289 1146 329 Summique
1173 292 1357 323 caelestium

317 338 505 368 concertant
530 335 642 375 odore,
1009 337 1099 369 chori
1126 344 1254 370 cantant
1281 342 1421 381 sanctus,

270 383 367 416 Panis
392 383 478 414 vitae
503 383 635 423 ponitur
963 385 1134 417 Cherubim
1161 390 1192 418 et
1218 386 1386 426 Seraphim

316 429 440 463 ferculo
465 431 584 473 priore,
1010 438 1140 466 cantant
1165 439 1293 466 sanctus
1320 438 1461 473 sauctus,

269 477 361 518 Sapit
388 478 560 511 omnifaria
961 481 1077 512 Omnes
1102 483 1204 514 sancti
1228 483 1410 514 clamitant:

317 536 434 558 manna
459 536 516 559 suo
542 536 639 561 more.
1008 532 1146 572 sanctus,
1174 535 1314 569 sanctus,
1341 533 1483 562 sanctus,

549 606 604 637 55.
632 603 707 635 Sine
734 604 796 636 fine
822 606 986 637 clamitant

682 652 770 683 milia
797 657 940 693 centena,

634 698 709 730 Sine
735 700 797 731 fine
823 701 897 732 talis
924 704 972 732 est

682 749 835 787 nuptialis
862 758 951 787 cena,

634 795 713 827 Eius
739 796 781 827 ad
807 797 974 828 sollemnia

685 853 740 874 nos
769 845 865 875 ducat
891 845 931 875 de
957 853 1069 883 poena,

636 892 732 923 Cuius
759 901 867 923 mensa
894 892 1011 932 gaudia

681 948 808 979 semper
834 940 930 971 habet
955 940 1061 979 plena.

249 1003 370 1031 Collect.
392 1013 444 1044 Jus.
466 1005 651 1032 Voravieuse
672 1014 748 1032 saec.
772 1004 815 1032 14.
857 1005 927 1032 Cod.
949 1006 1105 1032 Voravien.
1128 1005 1183 1044 374
1204 1004 1289 1037 (306).
1313 1020 1349 1024 —
1369 1005 1396 1037 4,
1423 1004 1440 1032 5
1463 1009 1491 1033 et

170 1042 288 1069 femina.
310 1057 347 1061 -—
368 1041 394 1074 9,
416 1042 435 1069 4
456 1046 500 1070 est
520 1044 574 1070 tibi
598 1044 679 1070 bene.
701 1058 737 1062 —
759 1042 785 1075 9,
806 1043 823 1069 5
838 1052 890 1078 per
904 1044 1028 1078 culpam.
1044 1057 1081 1061 —
1095 1042 1122 1075 9,
1143 1045 1160 1071 ts
1175 1048 1219 1071 est
1233 1045 1288 1070 tibi
1305 1052 1354 1071 rea
1368 1047 1440 1071 tota.
1457 1059 1493 1064 —-

171 1079 222 1113 14,
252 1079 270 1107 2
291 1084 336 1107 tot
355 1081 437 1108 fehlt.
458 1096 495 1099 —
520 1080 566 1113 17,
593 1080 611 1108 8
633 1082 713 1108 feret.
736 1096 771 1100 —
793 1080 844 1114 22,
873 1080 891 1108 8
912 1084 1019 1116 sperat.
1042 1096 1076 1099 —
1097 1080 1149 1113 23,
1178 1083 1194 1107 ἰ),
1219 1083 1320 1109 forma.
1342 1097 1379 1100 —
1400 1081 1453 1114 28,
1475 1080 1493 1109 3

169 1120 276 1154 spatio.
297 1135 333 1139 —
355 1118 400 1152 33,
423 1119 441 1146 2
462 1123 491 1146 et
511 1120 610 1154 lignis.
631 1135 668 1138 —
688 1119 734 1151 42,
756 1119 773 1147 3
795 1120 935 1146 diversos.
958 1135 991 1138 —
1014 1118 1060 1151 45,
1085 1119 1096 1146 1
1114 1124 1158 1147 est
1172 1121 1252 1147 fehlt.
1275 1135 1312 1139 —
1333 1119 1378 1152 54,
1400 1119 1418 1147 3
1433 1130 1491 1156 que

166 1157 248 1185 fehlt.
269 1173 307 1177 —
328 1156 376 1189 54,
397 1157 415 1185 4
437 1158 553 1184 chorus.

592 1222 659 1253 329.
702 1223 744 1252 De
768 1221 873 1252 Divite
895 1223 927 1252 et
949 1223 1077 1252 Lazaro.

335 1295 361 1326 Ο
388 1298 431 1333 tu,
459 1295 513 1334 qui
539 1294 673 1325 miseros
699 1294 825 1333 spernis
850 1302 909 1324 nec
936 1294 1038 1324 nutris
1064 1302 1189 1333 egenos,

335 1342 415 1375 Cum
441 1342 520 1382 legis
547 1342 638 1380 haec,
666 1351 765 1382 pensa
793 1341 846 1380 pia
873 1341 994 1373 Christi
1021 1341 1152 1374 brachia
1179 1348 1279 1376 tensa.

335 1390 478 1422 Maxima
504 1391 558 1430 qui
582 1391 682 1430 gratis
710 1390 838 1428 recipis,
866 1398 923 1420 cur
949 1399 1049 1428 parva
1075 1391 1232 1431 negabis?

334 1438 498 1469 Marmora
525 1439 586 1469 rite
612 1438 701 1475 colis,
727 1446 790 1468 non
817 1437 989 1477 Christum,
1016 1440 1066 1468 sat
1092 1439 1185 1470 modo
1210 1438 1331 1478 perdis.

274 1486 305 1518 5.
335 1485 463 1523 Divitis,
492 1494 541 1519 en.
570 1485 675 1516 recole
701 1484 881 1525 flagrantia,
908 1489 1014 1516 mente
1040 1486 1181 1523 revolve,

332 1533 393 1572 Qui
420 1534 525 1565 renuit
547 1533 662 1565 Lazari
689 1533 827 1565 mendici
854 1533 905 1564 vel
931 1533 1088 1565 misereri.

332 1580 447 1613 Affluit
475 1582 528 1613 hic
555 1581 702 1623 dapibus,
732 1581 890 1613 Larzarus
916 1581 1038 1613 ieiunat
1064 1590 1191 1621 egenuS,

328 1630 392 1661 Hic
419 1630 523 1669 epulis
550 1631 678 1670 gaudet,
707 1639 765 1661 nec
790 1629 890 1661 micas
916 1629 1040 1660 obtinet
1066 1630 1131 1663 ille.

331 1678 422 1709 Mors
449 1678 536 1709 subit
563 1682 595 1710 et
620 1687 760 1718 propere
786 1678 853 1709 vita
879 1677 1026 1717 privatur
1051 1682 1199 1718 uterque,

247 1726 300 1759 10.
331 1727 406 1758 Iure
434 1726 530 1758 datur
556 1726 709 1758 barathro
735 1726 892 1766 locuples,
919 1735 1042 1765 pauper
1068 1727 1229 1765 paradiso,

326 1774 483 1807 Extremo
509 1775 626 1806 Lazari
656 1774 747 1814 digiti
775 1774 860 1814 petit
883 1774 958 1805 inde
985 1774 1112 1814 liquari.

326 1822 447 1854 Divitis
474 1823 549 1854 hinc
576 1824 691 1863 epulae
718 1826 894 1864 pensantur
922 1822 1131 1862 deliciaeque,

326 1872 434 1911 Atque
461 1872 564 1903 fames
591 1871 697 1911 inopis
724 1874 902 1910 pensantur
928 1874 959 1901 et
984 1871 1094 1902 ulcera
1119 1871 1233 1910 tristis,

329 1919 444 1952 Uritur
470 1920 525 1951 ille
552 1920 655 1951 malis.
685 1919 864 1959 congaudet
889 1918 951 1949 iste
977 1919 1090 1951 beatis.

244 1968 298 2001 15.
326 1968 428 2005 Haec,
457 1969 566 2005 miser,
595 1969 674 1999 haec
701 1968 815 2008 cogita,
842 1966 957 1998 subeas
984 1976 1023 1998 ne
1050 1970 1181 2005 tartara,
1212 1967 1287 2000 vita.

326 2017 378 2049 Da
403 2020 476 2059 tua3
503 2025 585 2058 quae
611 2020 666 2048 tua
691 2019 776 2055 sunt,
803 2018 877 2055 post
902 2018 1037 2047 mortem
1064 2015 1108 2046 nil
1135 2015 1193 2047 tibi
1220 2019 1365 2054 prosunt.

326 2066 418 2098 Tunc
444 2066 525 2097 bene
552 2069 701 2097 servatur
727 2064 918 2102 substantia,
946 2063 972 2094 si
999 2063 1168 2095 tribuatur.

323 2113 406 2154 Quid
433 2114 503 2154 tibi,
531 2114 558 2145 si
584 2113 737 2145 mundum
764 2116 866 2144 totum
893 2111 1115 2151 complecteris
1139 2113 1246 2152 istum,

327 2162 404 2193 Post
431 2162 491 2195 hac
514 2166 672 2202 perpetua
699 2161 843 2192 crucient
869 2163 901 2191 te
926 2169 1022 2191 saeva
1048 2158 1200 2198 flagella?

240 2211 296 2244 20.
324 2210 420 2242 Hunc
444 2211 588 2250 imitare,
616 2219 704 2251 rogo,
729 2210 781 2249 qui
809 2217 843 2240 se
869 2211 899 2239 et
922 2217 979 2239 sua
1007 2208 1104 2239 donat
1129 2217 1239 2248 egeno.

323 2257 376 2290 Sic
401 2259 526 2299 poteris
554 2267 630 2290 vere
657 2258 818 2290 Christum
847 2257 916 2288 sine
940 2255 1004 2287 fine
1030 2259 1149 2298 tenere,

322 2306 396 2338 Non
425 2307 531 2344 aliter,
560 2307 666 2348 crede,
695 2305 817 2346 poteris
843 2313 941 2344 super
965 2308 1054 2336 astra
1081 2305 1203 2338 sedere.

233 2372 356 2402 Colleet.
377 2382 430 2401 ms.
452 2375 555 2401 incert.
577 2374 650 2408 orig.
673 2381 748 2399 saec.
773 2370 816 2399 15.
852 2370 923 2398 Cod.
937 2371 1081 2398 Oxonien.
1098 2371 1208 2399 Canon.
1225 2371 1350 2399 Miscell.
1366 2368 1430 2397 523.
1447 2384 1477 2391 ---

153 2411 306 2441 Abschrift
323 2420 382 2440 von
403 2413 477 2440 Rev.
498 2413 536 2440 H.
558 2413 598 2440 M.
621 2413 788 2439 Bannister.
