<?xml version="1.0" encoding="UTF-8"?>
<!DOCTYPE html PUBLIC "-//W3C//DTD XHTML 1.0 Transitional//EN"
    "http://www.w3.org/TR/xhtml1/DTD/xhtml1-transitional.dtd">
<html xmlns="http://www.w3.org/1999/xhtml" xml:lang="en" lang="en">
 <head>
  <title>
</title>
<meta http-equiv="Content-Type" content="text/html;charset=utf-8" />
  <meta name='ocr-system' content='tesseract 3.04.00' />
  <meta name='ocr-capabilities' content='ocr_page ocr_carea ocr_par ocr_line ocrx_word'/>
</head>
<body>
  <div class='ocr_page' id='page_1' title='image "./analectahymnica46drevuoft/analectahymnica46drevuoft_0306.png"; bbox 0 0 1651 2680; ppageno 0'>
   <div class='ocr_carea' id='block_1_1' title="bbox 679 99 947 135">
    <p class='ocr_par' dir='ltr' id='par_1_1' title="bbox 679 99 947 135">
     <span class='ocr_line' id='line_1_1' title="bbox 679 99 947 135; baseline -0.004 0"><span class='ocrx_word' id='word_1_1' title='bbox 679 99 947 135; x_wconf 86' lang='lat'>—303—</span> 
     </span>
    </p>
   </div>
   <div class='ocr_carea' id='block_1_2' title="bbox 184 196 716 333">
    <p class='ocr_par' dir='ltr' id='par_1_2' title="bbox 184 196 716 333">
     <span class='ocr_line' id='line_1_2' title="bbox 184 196 693 237; baseline -0.002 -8"><span class='ocrx_word' id='word_1_2' title='bbox 184 197 218 229; x_wconf 89' lang='lat'>5.</span> <span class='ocrx_word' id='word_1_3' title='bbox 243 196 389 229; x_wconf 86' lang='lat' dir='ltr'>Mentem</span> <span class='ocrx_word' id='word_1_4' title='bbox 415 197 520 237; x_wconf 82' lang='lat' dir='ltr'>pascit</span> <span class='ocrx_word' id='word_1_5' title='bbox 545 197 693 237; x_wconf 87' lang='lat' dir='ltr'>spiritale</span> 
     </span>
     <span class='ocr_line' id='line_1_3' title="bbox 239 244 716 285; baseline 0 -9"><span class='ocrx_word' id='word_1_6' title='bbox 239 244 372 284; x_wconf 82' lang='lat' dir='ltr'>Manna,</span> <span class='ocrx_word' id='word_1_7' title='bbox 398 245 482 285; x_wconf 90' lang='lat' dir='ltr'>Iesu,</span> <span class='ocrx_word' id='word_1_8' title='bbox 510 245 596 285; x_wconf 91' lang='lat' dir='ltr'>pluis</span> <span class='ocrx_word' id='word_1_9' title='bbox 622 245 716 285; x_wconf 87' lang='lat' dir='ltr'>quale</span> 
     </span>
     <span class='ocr_line' id='line_1_4' title="bbox 288 293 706 333; baseline 0 -9"><span class='ocrx_word' id='word_1_10' title='bbox 288 293 325 324; x_wconf 94' lang='lat' dir='ltr'>In</span> <span class='ocrx_word' id='word_1_11' title='bbox 352 294 487 332; x_wconf 88' lang='lat' dir='ltr'>pauperi</span> <span class='ocrx_word' id='word_1_12' title='bbox 514 293 706 333; x_wconf 82' lang='lat' dir='ltr'>dulcedine;</span> 
     </span>
    </p>
   </div>
   <div class='ocr_carea' id='block_1_3' title="bbox 240 340 780 478">
    <p class='ocr_par' dir='ltr' id='par_1_3' title="bbox 240 340 780 478">
     <span class='ocr_line' id='line_1_5' title="bbox 240 340 747 381; baseline -0.002 -8"><span class='ocrx_word' id='word_1_13' title='bbox 240 340 320 373; x_wconf 89' lang='lat' dir='ltr'>Octo</span> <span class='ocrx_word' id='word_1_14' title='bbox 347 349 475 372; x_wconf 82' lang='lat' dir='ltr'>carnem</span> <span class='ocrx_word' id='word_1_15' title='bbox 501 341 610 381; x_wconf 87' lang='lat' dir='ltr'>palma</span> <span class='ocrx_word' id='word_1_16' title='bbox 635 341 747 372; x_wconf 82' lang='lat' dir='ltr'>lustris</span> 
     </span>
     <span class='ocr_line' id='line_1_6' title="bbox 241 388 780 429; baseline 0 -9"><span class='ocrx_word' id='word_1_17' title='bbox 241 388 364 429; x_wconf 82' lang='lat' dir='ltr'>Nutrit,</span> <span class='ocrx_word' id='word_1_18' title='bbox 389 397 504 421; x_wconf 87' lang='lat' dir='ltr'>corvus</span> <span class='ocrx_word' id='word_1_19' title='bbox 531 389 606 420; x_wconf 86' lang='lat' dir='ltr'>hine</span> <span class='ocrx_word' id='word_1_20' title='bbox 623 389 780 421; x_wconf 88' lang='lat' dir='ltr'>industris</span> 
     </span>
     <span class='ocr_line' id='line_1_7' title="bbox 288 436 724 478; baseline -0.002 -8"><span class='ocrx_word' id='word_1_21' title='bbox 288 437 326 470; x_wconf 93' lang='lat' dir='ltr'>In</span> <span class='ocrx_word' id='word_1_22' title='bbox 353 436 529 478; x_wconf 87' lang='lat' dir='ltr'>semipanis</span> <span class='ocrx_word' id='word_1_23' title='bbox 555 436 724 478; x_wconf 82' lang='lat' dir='ltr'>fragmine.</span> 
     </span>
    </p>
   </div>
   <div class='ocr_carea' id='block_1_4' title="bbox 182 509 747 552">
    <p class='ocr_par' dir='ltr' id='par_1_4' title="bbox 182 509 747 552">
     <span class='ocr_line' id='line_1_8' title="bbox 182 509 747 552; baseline -0.005 -10"><span class='ocrx_word' id='word_1_24' title='bbox 182 511 214 542; x_wconf 88' lang='lat'>6.</span> <span class='ocrx_word' id='word_1_25' title='bbox 240 509 315 542; x_wconf 86' lang='lat' dir='ltr'>Iesu</span> <span class='ocrx_word' id='word_1_26' title='bbox 342 509 455 552; x_wconf 87' lang='lat' dir='ltr'>dulcis,</span> <span class='ocrx_word' id='word_1_27' title='bbox 483 510 566 541; x_wconf 88' lang='lat' dir='ltr'>hune</span> <span class='ocrx_word' id='word_1_28' title='bbox 594 510 747 550; x_wconf 59' lang='lat' dir='ltr'>duplam,</span> 
     </span>
    </p>
   </div>
   <div class='ocr_carea' id='block_1_5' title="bbox 239 557 627 589">
    <p class='ocr_par' dir='ltr' id='par_1_5' title="bbox 239 557 627 589">
     <span class='ocr_line' id='line_1_9' title="bbox 239 557 627 589; baseline 0 0"><span class='ocrx_word' id='word_1_29' title='bbox 239 557 382 589; x_wconf 83' lang='lat' dir='ltr'>Tandem</span> <span class='ocrx_word' id='word_1_30' title='bbox 409 557 470 589; x_wconf 90' lang='lat' dir='ltr'>sibi</span> <span class='ocrx_word' id='word_1_31' title='bbox 495 558 627 589; x_wconf 85' lang='lat' dir='ltr'>sociasti</span> 
     </span>
    </p>
   </div>
   <div class='ocr_carea' id='block_1_6' title="bbox 287 605 776 647">
    <p class='ocr_par' dir='ltr' id='par_1_6' title="bbox 287 605 776 647">
     <span class='ocr_line' id='line_1_10' title="bbox 287 605 776 647; baseline -0.002 -9"><span class='ocrx_word' id='word_1_32' title='bbox 287 605 461 638; x_wconf 81' lang='lat' dir='ltr'>Convivam</span> <span class='ocrx_word' id='word_1_33' title='bbox 490 607 564 638; x_wconf 85' lang='lat' dir='ltr'>dum</span> <span class='ocrx_word' id='word_1_34' title='bbox 583 606 776 647; x_wconf 74' lang='lat' dir='ltr'>Antonium3</span> 
     </span>
    </p>
   </div>
   <div class='ocr_carea' id='block_1_7' title="bbox 239 653 660 693">
    <p class='ocr_par' dir='ltr' id='par_1_7' title="bbox 239 653 660 693">
     <span class='ocr_line' id='line_1_11' title="bbox 239 653 660 693; baseline 0 -8"><span class='ocrx_word' id='word_1_35' title='bbox 239 653 331 685; x_wconf 89' lang='lat' dir='ltr'><strong>Pium</strong></span> <span class='ocrx_word' id='word_1_36' title='bbox 357 654 460 686; x_wconf 88' lang='lat' dir='ltr'>oritur</span> <span class='ocrx_word' id='word_1_37' title='bbox 487 660 660 693; x_wconf 75' lang='lat' dir='ltr'>certamen,</span> 
     </span>
    </p>
   </div>
   <div class='ocr_carea' id='block_1_8' title="bbox 239 700 774 742">
    <p class='ocr_par' dir='ltr' id='par_1_8' title="bbox 239 700 774 742">
     <span class='ocr_line' id='line_1_12' title="bbox 239 700 774 742; baseline 0.002 -9"><span class='ocrx_word' id='word_1_38' title='bbox 239 702 315 741; x_wconf 84' lang='lat' dir='ltr'>Quis</span> <span class='ocrx_word' id='word_1_39' title='bbox 334 700 525 742; x_wconf 81' lang='lat' dir='ltr'>confringat,</span> <span class='ocrx_word' id='word_1_40' title='bbox 549 703 638 742; x_wconf 81' lang='lat' dir='ltr'>pacis</span> <span class='ocrx_word' id='word_1_41' title='bbox 658 706 774 741; x_wconf 80' lang='lat' dir='ltr'>tamen,</span> 
     </span>
    </p>
   </div>
   <div class='ocr_carea' id='block_1_9' title="bbox 285 750 709 791">
    <p class='ocr_par' dir='ltr' id='par_1_9' title="bbox 285 750 709 791">
     <span class='ocr_line' id='line_1_13' title="bbox 285 750 709 791; baseline 0.002 -10"><span class='ocrx_word' id='word_1_42' title='bbox 285 750 414 782; x_wconf 88' lang='lat' dir='ltr'>Amoris</span> <span class='ocrx_word' id='word_1_43' title='bbox 442 751 535 782; x_wconf 83' lang='lat' dir='ltr'>dulce</span> <span class='ocrx_word' id='word_1_44' title='bbox 561 752 709 791; x_wconf 82' lang='lat' dir='ltr'>iurgium.</span> 
     </span>
    </p>
   </div>
   <div class='ocr_carea' id='block_1_10' title="bbox 181 822 777 911">
    <p class='ocr_par' dir='ltr' id='par_1_10' title="bbox 181 822 777 911">
     <span class='ocr_line' id='line_1_14' title="bbox 181 822 738 862; baseline -0.004 -7"><span class='ocrx_word' id='word_1_45' title='bbox 181 823 210 855; x_wconf 89' lang='grc'>7.</span> <span class='ocrx_word' id='word_1_46' title='bbox 236 822 262 854; x_wconf 96' lang='grc' dir='ltr'><strong>Ο</strong></span> <span class='ocrx_word' id='word_1_47' title='bbox 287 831 380 862; x_wconf 86' lang='lat' dir='ltr'>quam</span> <span class='ocrx_word' id='word_1_48' title='bbox 407 822 491 854; x_wconf 87' lang='lat' dir='ltr'>laete</span> <span class='ocrx_word' id='word_1_49' title='bbox 517 824 738 861; x_wconf 76' lang='lat' dir='ltr'>convivantur,</span> 
     </span>
     <span class='ocr_line' id='line_1_15' title="bbox 240 870 777 911; baseline 0 -9"><span class='ocrx_word' id='word_1_50' title='bbox 240 870 321 902; x_wconf 90' lang='lat' dir='ltr'>Nam</span> <span class='ocrx_word' id='word_1_51' title='bbox 342 870 497 905; x_wconf 83' lang='lat' dir='ltr'>delibant.</span> <span class='ocrx_word' id='word_1_52' title='bbox 521 881 601 911; x_wconf 83' lang='lat' dir='ltr'>quae</span> <span class='ocrx_word' id='word_1_53' title='bbox 621 876 777 911; x_wconf 87' lang='lat' dir='ltr'>parantur</span> 
     </span>
    </p>
   </div>
   <div class='ocr_carea' id='block_1_11' title="bbox 237 920 714 1056">
    <p class='ocr_par' dir='ltr' id='par_1_11' title="bbox 237 920 714 1056">
     <span class='ocr_line' id='line_1_16' title="bbox 284 920 708 958; baseline -0.005 -7"><span class='ocrx_word' id='word_1_54' title='bbox 284 920 352 951; x_wconf 87' lang='lat' dir='ltr'>Iam</span> <span class='ocrx_word' id='word_1_55' title='bbox 380 921 464 958; x_wconf 81' lang='lat' dir='ltr'>regis</span> <span class='ocrx_word' id='word_1_56' title='bbox 491 921 523 951; x_wconf 88' lang='lat' dir='ltr'>in</span> <span class='ocrx_word' id='word_1_57' title='bbox 550 920 708 951; x_wconf 73' lang='lat' dir='ltr'>triclinio!</span> 
     </span>
     <span class='ocr_line' id='line_1_17' title="bbox 237 967 713 1001; baseline -0.002 -3"><span class='ocrx_word' id='word_1_58' title='bbox 237 967 271 1000; x_wconf 92' lang='lat' dir='ltr'>Si</span> <span class='ocrx_word' id='word_1_59' title='bbox 295 967 457 999; x_wconf 79' lang='lat' dir='ltr'>ministrat</span> <span class='ocrx_word' id='word_1_60' title='bbox 482 968 527 999; x_wconf 91' lang='lat' dir='ltr'>ibi</span> <span class='ocrx_word' id='word_1_61' title='bbox 555 968 713 1001; x_wconf 66' lang='lat' dir='ltr'>Christus,</span> 
     </span>
     <span class='ocr_line' id='line_1_18' title="bbox 237 1014 714 1056; baseline 0 -10"><span class='ocrx_word' id='word_1_62' title='bbox 237 1015 331 1047; x_wconf 84' lang='lat' dir='ltr'>Certe</span> <span class='ocrx_word' id='word_1_63' title='bbox 357 1014 478 1056; x_wconf 81' lang='lat' dir='ltr'>frangit</span> <span class='ocrx_word' id='word_1_64' title='bbox 504 1025 618 1056; x_wconf 78' lang='lat' dir='ltr'>panem</span> <span class='ocrx_word' id='word_1_65' title='bbox 644 1016 714 1046; x_wconf 90' lang='lat' dir='ltr'>istis</span> 
     </span>
    </p>
   </div>
   <div class='ocr_carea' id='block_1_12' title="bbox 284 1063 735 1103">
    <p class='ocr_par' dir='ltr' id='par_1_12' title="bbox 284 1063 735 1103">
     <span class='ocr_line' id='line_1_19' title="bbox 284 1063 735 1103; baseline -0.004 -7"><span class='ocrx_word' id='word_1_66' title='bbox 284 1063 361 1096; x_wconf 90' lang='lat' dir='ltr'>Plus</span> <span class='ocrx_word' id='word_1_67' title='bbox 387 1065 520 1103; x_wconf 87' lang='lat' dir='ltr'>spiritus</span> <span class='ocrx_word' id='word_1_68' title='bbox 546 1064 578 1095; x_wconf 91' lang='lat' dir='ltr'>in</span> <span class='ocrx_word' id='word_1_69' title='bbox 606 1064 735 1095; x_wconf 84' lang='lat' dir='ltr'>scrinio.</span> 
     </span>
    </p>
   </div>
   <div class='ocr_carea' id='block_1_13' title="bbox 177 1136 771 1271">
    <p class='ocr_par' dir='ltr' id='par_1_13' title="bbox 177 1136 771 1271">
     <span class='ocr_line' id='line_1_20' title="bbox 177 1136 735 1176; baseline -0.004 -8"><span class='ocrx_word' id='word_1_70' title='bbox 177 1136 208 1168; x_wconf 89' lang='lat'>8.</span> <span class='ocrx_word' id='word_1_71' title='bbox 236 1136 331 1167; x_wconf 86' lang='lat' dir='ltr'>Potat</span> <span class='ocrx_word' id='word_1_72' title='bbox 359 1141 502 1168; x_wconf 76' lang='lat' dir='ltr'>sanetum</span> <span class='ocrx_word' id='word_1_73' title='bbox 530 1146 611 1176; x_wconf 82' lang='lat' dir='ltr'>aqua</span> <span class='ocrx_word' id='word_1_74' title='bbox 638 1137 735 1171; x_wconf 72' lang='lat' dir='ltr'>rivus,</span> 
     </span>
     <span class='ocr_line' id='line_1_21' title="bbox 235 1182 771 1225; baseline 0.004 -12"><span class='ocrx_word' id='word_1_75' title='bbox 235 1182 312 1214; x_wconf 93' lang='lat' dir='ltr'>Plus</span> <span class='ocrx_word' id='word_1_76' title='bbox 337 1183 394 1215; x_wconf 89' lang='lat' dir='ltr'>sed</span> <span class='ocrx_word' id='word_1_77' title='bbox 421 1190 511 1224; x_wconf 86' lang='lat' dir='ltr'>aptat</span> <span class='ocrx_word' id='word_1_78' title='bbox 531 1189 562 1215; x_wconf 87' lang='lat' dir='ltr'>te</span> <span class='ocrx_word' id='word_1_79' title='bbox 582 1183 653 1215; x_wconf 86' lang='lat' dir='ltr'>fons</span> <span class='ocrx_word' id='word_1_80' title='bbox 672 1184 771 1225; x_wconf 91' lang='lat' dir='ltr'>vivus,</span> 
     </span>
     <span class='ocr_line' id='line_1_22' title="bbox 282 1231 770 1271; baseline 0 -9"><span class='ocrx_word' id='word_1_81' title='bbox 282 1231 367 1262; x_wconf 91' lang='lat' dir='ltr'>Hinc</span> <span class='ocrx_word' id='word_1_82' title='bbox 395 1240 474 1264; x_wconf 78' lang='lat' dir='ltr'>vena</span> <span class='ocrx_word' id='word_1_83' title='bbox 501 1232 585 1264; x_wconf 88' lang='lat' dir='ltr'>vitae</span> <span class='ocrx_word' id='word_1_84' title='bbox 618 1232 770 1271; x_wconf 70' lang='lat' dir='ltr'>scaturit,</span> 
     </span>
    </p>
   </div>
   <div class='ocr_carea' id='block_1_14' title="bbox 235 1279 697 1320">
    <p class='ocr_par' dir='ltr' id='par_1_14' title="bbox 235 1279 697 1320">
     <span class='ocr_line' id='line_1_23' title="bbox 235 1279 697 1320; baseline 0.002 -10"><span class='ocrx_word' id='word_1_85' title='bbox 235 1279 329 1311; x_wconf 88' lang='lat' dir='ltr'>Libet</span> <span class='ocrx_word' id='word_1_86' title='bbox 356 1284 461 1312; x_wconf 85' lang='lat' dir='ltr'>tamen</span> <span class='ocrx_word' id='word_1_87' title='bbox 489 1281 697 1320; x_wconf 79' lang='lat' dir='ltr'>contemplari</span> 
     </span>
    </p>
   </div>
   <div class='ocr_carea' id='block_1_15' title="bbox 237 1327 724 1369">
    <p class='ocr_par' dir='ltr' id='par_1_15' title="bbox 237 1327 724 1369">
     <span class='ocr_line' id='line_1_24' title="bbox 237 1327 724 1369; baseline 0.004 -12"><span class='ocrx_word' id='word_1_88' title='bbox 237 1327 374 1365; x_wconf 86' lang='lat' dir='ltr'>Vestem,</span> <span class='ocrx_word' id='word_1_89' title='bbox 404 1329 503 1369; x_wconf 82' lang='lat' dir='ltr'>magis</span> <span class='ocrx_word' id='word_1_90' title='bbox 530 1338 591 1368; x_wconf 83' lang='lat' dir='ltr'>qua</span> <span class='ocrx_word' id='word_1_91' title='bbox 618 1329 724 1359; x_wconf 76' lang='lat' dir='ltr'>ornari</span> 
     </span>
    </p>
   </div>
   <div class='ocr_carea' id='block_1_16' title="bbox 284 1376 674 1408">
    <p class='ocr_par' dir='ltr' id='par_1_16' title="bbox 284 1376 674 1408">
     <span class='ocr_line' id='line_1_25' title="bbox 284 1376 674 1408; baseline 0 -1"><span class='ocrx_word' id='word_1_92' title='bbox 284 1376 406 1408; x_wconf 88' lang='lat' dir='ltr'>Tantus</span> <span class='ocrx_word' id='word_1_93' title='bbox 433 1378 523 1408; x_wconf 90' lang='lat' dir='ltr'>miles</span> <span class='ocrx_word' id='word_1_94' title='bbox 550 1377 674 1408; x_wconf 89' lang='lat' dir='ltr'>meruit.</span> 
     </span>
    </p>
   </div>
   <div class='ocr_carea' id='block_1_17' title="bbox 177 1449 688 1489">
    <p class='ocr_par' dir='ltr' id='par_1_17' title="bbox 177 1449 688 1489">
     <span class='ocr_line' id='line_1_26' title="bbox 177 1449 688 1489; baseline 0 -9"><span class='ocrx_word' id='word_1_95' title='bbox 177 1450 209 1481; x_wconf 87' lang='lat'>9.</span> <span class='ocrx_word' id='word_1_96' title='bbox 237 1449 313 1488; x_wconf 81' lang='lat' dir='ltr'>Quis</span> <span class='ocrx_word' id='word_1_97' title='bbox 337 1449 461 1489; x_wconf 84' lang='lat' dir='ltr'>ignoret</span> <span class='ocrx_word' id='word_1_98' title='bbox 487 1452 688 1481; x_wconf 80' lang='lat' dir='ltr'>innocentem</span> 
     </span>
    </p>
   </div>
   <div class='ocr_carea' id='block_1_18' title="bbox 237 1496 751 1626">
    <p class='ocr_par' dir='ltr' id='par_1_18' title="bbox 237 1496 751 1626">
     <span class='ocr_line' id='line_1_27' title="bbox 237 1496 725 1538; baseline -0.002 -10"><span class='ocrx_word' id='word_1_99' title='bbox 237 1496 339 1529; x_wconf 90' lang='lat' dir='ltr'>Cocco</span> <span class='ocrx_word' id='word_1_100' title='bbox 366 1497 514 1538; x_wconf 82' lang='lat' dir='ltr'>bissoque</span> <span class='ocrx_word' id='word_1_101' title='bbox 540 1497 725 1538; x_wconf 69' lang='lat' dir='ltr'>fulgentem,</span> 
     </span>
     <span class='ocr_line' id='line_1_28' title="bbox 284 1546 751 1586; baseline 0 -10"><span class='ocrx_word' id='word_1_102' title='bbox 284 1547 384 1586; x_wconf 87' lang='lat' dir='ltr'>Auro,</span> <span class='ocrx_word' id='word_1_103' title='bbox 411 1546 562 1582; x_wconf 76' lang='lat' dir='ltr'>iacintho,</span> <span class='ocrx_word' id='word_1_104' title='bbox 589 1555 751 1586; x_wconf 77' lang='lat' dir='ltr'>purpura3</span> 
     </span>
     <span class='ocr_line' id='line_1_29' title="bbox 238 1593 726 1626; baseline -0.002 -1"><span class='ocrx_word' id='word_1_105' title='bbox 238 1593 381 1625; x_wconf 84' lang='lat' dir='ltr'>Gloriam</span> <span class='ocrx_word' id='word_1_106' title='bbox 407 1595 463 1626; x_wconf 88' lang='lat' dir='ltr'>sed</span> <span class='ocrx_word' id='word_1_107' title='bbox 492 1595 574 1625; x_wconf 88' lang='lat' dir='ltr'>hane</span> <span class='ocrx_word' id='word_1_108' title='bbox 601 1595 726 1625; x_wconf 73' lang='lat' dir='ltr'>«iecoris</span> 
     </span>
    </p>
   </div>
   <div class='ocr_carea' id='block_1_19' title="bbox 237 1641 702 1683">
    <p class='ocr_par' dir='ltr' id='par_1_19' title="bbox 237 1641 702 1683">
     <span class='ocr_line' id='line_1_30' title="bbox 237 1641 702 1683; baseline -0.002 -9"><span class='ocrx_word' id='word_1_109' title='bbox 237 1642 328 1674; x_wconf 87' lang='lat' dir='ltr'>Intus</span> <span class='ocrx_word' id='word_1_110' title='bbox 354 1641 438 1681; x_wconf 83' lang='lat' dir='ltr'>vide,</span> <span class='ocrx_word' id='word_1_111' title='bbox 466 1651 594 1683; x_wconf 82' lang='lat' dir='ltr'>quaeso,</span> <span class='ocrx_word' id='word_1_112' title='bbox 623 1641 702 1673; x_wconf 82' lang='lat' dir='ltr'>foris</span> 
     </span>
    </p>
   </div>
   <div class='ocr_carea' id='block_1_20' title="bbox 285 1691 739 1728">
    <p class='ocr_par' dir='ltr' id='par_1_20' title="bbox 285 1691 739 1728">
     <span class='ocr_line' id='line_1_31' title="bbox 285 1691 739 1728; baseline -0.002 -8"><span class='ocrx_word' id='word_1_113' title='bbox 285 1693 372 1728; x_wconf 68' lang='lat' dir='ltr'>Quae</span> <span class='ocrx_word' id='word_1_114' title='bbox 397 1691 545 1722; x_wconf 85' lang='lat' dir='ltr'>monachi</span> <span class='ocrx_word' id='word_1_115' title='bbox 572 1691 739 1721; x_wconf 78' lang='lat' dir='ltr'>cucullula.</span> 
     </span>
    </p>
   </div>
   <div class='ocr_carea' id='block_1_21' title="bbox 154 1761 692 1802">
    <p class='ocr_par' dir='ltr' id='par_1_21' title="bbox 154 1761 692 1802">
     <span class='ocr_line' id='line_1_32' title="bbox 154 1761 692 1802; baseline -0.004 -8"><span class='ocrx_word' id='word_1_116' title='bbox 154 1762 208 1794; x_wconf 90' lang='lat'>10.</span> <span class='ocrx_word' id='word_1_117' title='bbox 236 1761 388 1793; x_wconf 85' lang='lat' dir='ltr'>Manibus</span> <span class='ocrx_word' id='word_1_118' title='bbox 412 1763 550 1794; x_wconf 80' lang='lat' dir='ltr'>victores</span> <span class='ocrx_word' id='word_1_119' title='bbox 578 1767 692 1802; x_wconf 82' lang='lat' dir='ltr'>gerunt</span> 
     </span>
    </p>
   </div>
   <div class='ocr_carea' id='block_1_22' title="bbox 239 1809 770 1899">
    <p class='ocr_par' dir='ltr' id='par_1_22' title="bbox 239 1809 770 1899">
     <span class='ocr_line' id='line_1_33' title="bbox 239 1809 745 1847; baseline -0.002 -6"><span class='ocrx_word' id='word_1_120' title='bbox 239 1810 375 1847; x_wconf 87' lang='lat' dir='ltr'>Palmas,</span> <span class='ocrx_word' id='word_1_121' title='bbox 404 1809 496 1842; x_wconf 91' lang='lat' dir='ltr'>huius</span> <span class='ocrx_word' id='word_1_122' title='bbox 523 1814 612 1842; x_wconf 87' lang='lat' dir='ltr'>artus</span> <span class='ocrx_word' id='word_1_123' title='bbox 638 1810 745 1841; x_wconf 85' lang='lat' dir='ltr'>ferunt</span> 
     </span>
     <span class='ocr_line' id='line_1_34' title="bbox 286 1859 770 1899; baseline -0.006 -8"><span class='ocrx_word' id='word_1_124' title='bbox 286 1859 475 1891; x_wconf 81' lang='lat' dir='ltr'>Contextam</span> <span class='ocrx_word' id='word_1_125' title='bbox 487 1859 602 1899; x_wconf 85' lang='lat' dir='ltr'>palmis</span> <span class='ocrx_word' id='word_1_126' title='bbox 613 1859 751 1889; x_wconf 82' lang='lat' dir='ltr'>tunicam</span> <span class='ocrx_word' id='word_1_127' title='bbox 764 1867 770 1897; x_wconf 84' lang='grc'>;</span> 
     </span>
    </p>
   </div>
   <div class='ocr_carea' id='block_1_23' title="bbox 237 1906 656 1939">
    <p class='ocr_par' dir='ltr' id='par_1_23' title="bbox 237 1906 656 1939">
     <span class='ocr_line' id='line_1_35' title="bbox 237 1906 656 1939; baseline -0.005 0"><span class='ocrx_word' id='word_1_128' title='bbox 237 1907 346 1939; x_wconf 83' lang='lat' dir='ltr'>Armis</span> <span class='ocrx_word' id='word_1_129' title='bbox 373 1906 476 1938; x_wconf 89' lang='lat' dir='ltr'>vietor</span> <span class='ocrx_word' id='word_1_130' title='bbox 501 1907 656 1939; x_wconf 75' lang='lat' dir='ltr'>loricatus</span> 
     </span>
    </p>
   </div>
   <div class='ocr_carea' id='block_1_24' title="bbox 237 1955 747 1995">
    <p class='ocr_par' dir='ltr' id='par_1_24' title="bbox 237 1955 747 1995">
     <span class='ocr_line' id='line_1_36' title="bbox 237 1955 747 1995; baseline -0.006 -7"><span class='ocrx_word' id='word_1_131' title='bbox 237 1956 353 1988; x_wconf 87' lang='lat' dir='ltr'>Ferme</span> <span class='ocrx_word' id='word_1_132' title='bbox 380 1960 517 1995; x_wconf 83' lang='lat' dir='ltr'>eentum,</span> <span class='ocrx_word' id='word_1_133' title='bbox 545 1955 747 1994; x_wconf 71' lang='lat' dir='ltr'>amplexatur</span> 
     </span>
    </p>
   </div>
   <div class='ocr_carea' id='block_1_25' title="bbox 287 2003 711 2045">
    <p class='ocr_par' dir='ltr' id='par_1_25' title="bbox 287 2003 711 2045">
     <span class='ocr_line' id='line_1_37' title="bbox 287 2003 711 2045; baseline 0 -9"><span class='ocrx_word' id='word_1_134' title='bbox 287 2004 341 2036; x_wconf 81' lang='lat' dir='ltr'>Sic</span> <span class='ocrx_word' id='word_1_135' title='bbox 366 2003 509 2045; x_wconf 85' lang='lat' dir='ltr'>undique</span> <span class='ocrx_word' id='word_1_136' title='bbox 535 2005 711 2036; x_wconf 79' lang='lat' dir='ltr'>victoriani.</span> 
     </span>
    </p>
   </div>
   <div class='ocr_carea' id='block_1_26' title="bbox 155 2077 702 2210">
    <p class='ocr_par' dir='ltr' id='par_1_26' title="bbox 155 2077 702 2210">
     <span class='ocr_line' id='line_1_38' title="bbox 155 2077 702 2120; baseline -0.002 -11"><span class='ocrx_word' id='word_1_137' title='bbox 155 2078 210 2109; x_wconf 87' lang='lat'>11.</span> <span class='ocrx_word' id='word_1_138' title='bbox 239 2077 314 2118; x_wconf 87' lang='lat' dir='ltr'>Sile,</span> <span class='ocrx_word' id='word_1_139' title='bbox 344 2085 427 2119; x_wconf 85' lang='lat' dir='ltr'>caro,</span> <span class='ocrx_word' id='word_1_140' title='bbox 458 2078 546 2120; x_wconf 88' lang='lat' dir='ltr'>cede,</span> <span class='ocrx_word' id='word_1_141' title='bbox 574 2077 702 2117; x_wconf 87' lang='lat' dir='ltr'>munde,</span> 
     </span>
     <span class='ocr_line' id='line_1_39' title="bbox 239 2124 681 2165; baseline -0.007 -7"><span class='ocrx_word' id='word_1_142' title='bbox 239 2125 341 2165; x_wconf 82' lang='lat' dir='ltr'>Vade,</span> <span class='ocrx_word' id='word_1_143' title='bbox 369 2124 515 2163; x_wconf 80' lang='lat' dir='ltr'>Satanas,</span> <span class='ocrx_word' id='word_1_144' title='bbox 544 2126 681 2158; x_wconf 83' lang='lat' dir='ltr'>rotunde</span> 
     </span>
     <span class='ocr_line' id='line_1_40' title="bbox 288 2174 702 2210; baseline -0.002 -4"><span class='ocrx_word' id='word_1_145' title='bbox 288 2174 425 2206; x_wconf 85' lang='lat' dir='ltr'>Deridet</span> <span class='ocrx_word' id='word_1_146' title='bbox 451 2184 506 2206; x_wconf 90' lang='lat' dir='ltr'>vos</span> <span class='ocrx_word' id='word_1_147' title='bbox 532 2174 702 2210; x_wconf 82' lang='lat' dir='ltr'>emeritus;</span> 
     </span>
    </p>
   </div>
   <div class='ocr_carea' id='block_1_27' title="bbox 238 2221 775 2264">
    <p class='ocr_par' dir='ltr' id='par_1_27' title="bbox 238 2221 775 2264">
     <span class='ocr_line' id='line_1_41' title="bbox 238 2221 775 2264; baseline -0.006 -9"><span class='ocrx_word' id='word_1_148' title='bbox 238 2222 294 2255; x_wconf 91' lang='lat' dir='ltr'>Nil</span> <span class='ocrx_word' id='word_1_149' title='bbox 309 2221 446 2264; x_wconf 83' lang='lat' dir='ltr'>habetis,</span> <span class='ocrx_word' id='word_1_150' title='bbox 461 2224 546 2264; x_wconf 88' lang='lat' dir='ltr'>quod</span> <span class='ocrx_word' id='word_1_151' title='bbox 562 2232 624 2254; x_wconf 88' lang='lat' dir='ltr'>non</span> <span class='ocrx_word' id='word_1_152' title='bbox 640 2222 775 2263; x_wconf 86' lang='lat' dir='ltr'>sprevit,</span> 
     </span>
    </p>
   </div>
   <div class='ocr_carea' id='block_1_28' title="bbox 238 2271 698 2312">
    <p class='ocr_par' dir='ltr' id='par_1_28' title="bbox 238 2271 698 2312">
     <span class='ocr_line' id='line_1_42' title="bbox 238 2271 698 2312; baseline -0.004 -9"><span class='ocrx_word' id='word_1_153' title='bbox 238 2271 298 2312; x_wconf 83' lang='lat' dir='ltr'>Qui</span> <span class='ocrx_word' id='word_1_154' title='bbox 325 2279 384 2302; x_wconf 88' lang='lat' dir='ltr'>nec</span> <span class='ocrx_word' id='word_1_155' title='bbox 409 2271 512 2304; x_wconf 86' lang='lat' dir='ltr'>suasis</span> <span class='ocrx_word' id='word_1_156' title='bbox 537 2271 698 2311; x_wconf 85' lang='lat' dir='ltr'>acquievit</span> 
     </span>
    </p>
   </div>
   <div class='ocr_carea' id='block_1_29' title="bbox 285 2319 756 2353">
    <p class='ocr_par' dir='ltr' id='par_1_29' title="bbox 285 2319 756 2353">
     <span class='ocr_line' id='line_1_43' title="bbox 285 2319 756 2353; baseline -0.002 -2"><span class='ocrx_word' id='word_1_157' title='bbox 285 2319 354 2351; x_wconf 76' lang='lat' dir='ltr'>Nee</span> <span class='ocrx_word' id='word_1_158' title='bbox 379 2321 463 2353; x_wconf 86' lang='lat' dir='ltr'>mala</span> <span class='ocrx_word' id='word_1_159' title='bbox 490 2324 598 2352; x_wconf 85' lang='lat' dir='ltr'>vestra</span> <span class='ocrx_word' id='word_1_160' title='bbox 625 2320 756 2350; x_wconf 87' lang='lat' dir='ltr'>veritus.</span> 
     </span>
    </p>
   </div>
   <div class='ocr_carea' id='block_1_30' title="bbox 858 197 1440 240">
    <p class='ocr_par' dir='ltr' id='par_1_30' title="bbox 858 197 1440 240">
     <span class='ocr_line' id='line_1_44' title="bbox 858 197 1440 240; baseline -0.002 -10"><span class='ocrx_word' id='word_1_161' title='bbox 858 199 911 230; x_wconf 78' lang='lat'>12.</span> <span class='ocrx_word' id='word_1_162' title='bbox 940 197 1011 235; x_wconf 84' lang='lat' dir='ltr'>Dic,</span> <span class='ocrx_word' id='word_1_163' title='bbox 1039 199 1169 240; x_wconf 87' lang='lat' dir='ltr'>Antoni,</span> <span class='ocrx_word' id='word_1_164' title='bbox 1197 208 1294 231; x_wconf 84' lang='lat' dir='ltr'>senex</span> <span class='ocrx_word' id='word_1_165' title='bbox 1320 203 1440 237; x_wconf 86' lang='lat' dir='ltr'>sancte,</span> 
     </span>
    </p>
   </div>
   <div class='ocr_carea' id='block_1_31' title="bbox 937 245 1474 473">
    <p class='ocr_par' dir='ltr' id='par_1_31' title="bbox 939 245 1474 336">
     <span class='ocr_line' id='line_1_45' title="bbox 939 245 1474 285; baseline 0.002 -8"><span class='ocrx_word' id='word_1_166' title='bbox 939 245 1008 285; x_wconf 81' lang='lat' dir='ltr'>Dic,</span> <span class='ocrx_word' id='word_1_167' title='bbox 1041 247 1092 277; x_wconf 91' lang='lat' dir='ltr'>dic</span> <span class='ocrx_word' id='word_1_168' title='bbox 1118 248 1224 279; x_wconf 81' lang='lat' dir='ltr'>adhuc</span> <span class='ocrx_word' id='word_1_169' title='bbox 1250 248 1335 279; x_wconf 81' lang='lat' dir='ltr'>vitae</span> <span class='ocrx_word' id='word_1_170' title='bbox 1365 250 1474 278; x_wconf 87' lang='lat' dir='ltr'>tantae</span> 
     </span>
     <span class='ocr_line' id='line_1_46' title="bbox 973 295 1471 336; baseline 0.006 -11"><span class='ocrx_word' id='word_1_171' title='bbox 973 295 1151 334; x_wconf 78' lang='lat' dir='ltr'>Quidquam</span> <span class='ocrx_word' id='word_1_172' title='bbox 1161 295 1262 335; x_wconf 88' lang='lat' dir='ltr'>pluris</span> <span class='ocrx_word' id='word_1_173' title='bbox 1271 295 1471 336; x_wconf 85' lang='lat' dir='ltr'>magnalium.</span> 
     </span>
    </p>

    <p class='ocr_par' dir='ltr' id='par_1_32' title="bbox 938 343 1460 384">
     <span class='ocr_line' id='line_1_47' title="bbox 938 343 1460 384; baseline 0.002 -12"><span class='ocrx_word' id='word_1_174' title='bbox 938 343 1022 373; x_wconf 85' lang='lat' dir='ltr'>Vere</span> <span class='ocrx_word' id='word_1_175' title='bbox 1049 352 1191 382; x_wconf 79' lang='lat' dir='ltr'>magnus,</span> <span class='ocrx_word' id='word_1_176' title='bbox 1218 353 1311 384; x_wconf 87' lang='lat' dir='ltr'>quem</span> <span class='ocrx_word' id='word_1_177' title='bbox 1339 343 1460 375; x_wconf 75' lang='lat' dir='ltr'>revelat</span> 
     </span>
    </p>

    <p class='ocr_par' dir='ltr' id='par_1_33' title="bbox 937 390 1437 473">
     <span class='ocr_line' id='line_1_48' title="bbox 937 390 1437 432; baseline 0.004 -11"><span class='ocrx_word' id='word_1_178' title='bbox 937 391 1010 421; x_wconf 83' lang='lat' dir='ltr'>Tibi</span> <span class='ocrx_word' id='word_1_179' title='bbox 1038 390 1135 432; x_wconf 82' lang='lat' dir='ltr'>Deus,</span> <span class='ocrx_word' id='word_1_180' title='bbox 1162 401 1239 432; x_wconf 85' lang='lat' dir='ltr'>grex</span> <span class='ocrx_word' id='word_1_181' title='bbox 1267 401 1326 423; x_wconf 89' lang='lat' dir='ltr'>nec</span> <span class='ocrx_word' id='word_1_182' title='bbox 1353 392 1437 423; x_wconf 83' lang='lat' dir='ltr'>celat</span> 
     </span>
     <span class='ocr_line' id='line_1_49' title="bbox 987 439 1411 473; baseline 0.005 -3"><span class='ocrx_word' id='word_1_183' title='bbox 987 439 1188 471; x_wconf 88' lang='lat' dir='ltr'>Monstrosus</span> <span class='ocrx_word' id='word_1_184' title='bbox 1215 441 1411 473; x_wconf 87' lang='lat' dir='ltr'>animalium.</span> 
     </span>
    </p>
   </div>
   <div class='ocr_carea' id='block_1_32' title="bbox 940 511 1454 550">
    <p class='ocr_par' dir='ltr' id='par_1_34' title="bbox 882 511 1454 550">
     <span class='ocr_line' id='line_1_50' title="bbox 940 511 1454 550; baseline 0.002 -7.899"><span class='ocrx_word' id='word_1_185' title='bbox 940 511 1033 542; x_wconf 86' lang='lat' dir='ltr'>Hune</span> <span class='ocrx_word' id='word_1_186' title='bbox 1059 511 1211 550; x_wconf 77' lang='lat' dir='ltr'>quaesisti</span> <span class='ocrx_word' id='word_1_187' title='bbox 1238 521 1307 543; x_wconf 86' lang='lat' dir='ltr'>cum</span> <span class='ocrx_word' id='word_1_188' title='bbox 1334 512 1454 547; x_wconf 83' lang='lat' dir='ltr'>labore.</span> 
     </span>
    </p>
   </div>
   <div class='ocr_carea' id='block_1_33' title="bbox 937 559 1470 783">
    <p class='ocr_par' dir='ltr' id='par_1_35' title="bbox 938 559 1470 649">
     <span class='ocr_line' id='line_1_51' title="bbox 938 559 1425 599; baseline 0 -9"><span class='ocrx_word' id='word_1_189' title='bbox 938 559 1112 597; x_wconf 80' lang='lat' dir='ltr'>Repertuni</span> <span class='ocrx_word' id='word_1_190' title='bbox 1139 560 1258 590; x_wconf 83' lang='lat' dir='ltr'>mirans</span> <span class='ocrx_word' id='word_1_191' title='bbox 1284 565 1425 599; x_wconf 78' lang='lat' dir='ltr'>stupore,</span> 
     </span>
     <span class='ocr_line' id='line_1_52' title="bbox 986 607 1470 649; baseline -0.002 -11"><span class='ocrx_word' id='word_1_192' title='bbox 986 607 1119 638; x_wconf 82' lang='lat' dir='ltr'>Occulta</span> <span class='ocrx_word' id='word_1_193' title='bbox 1146 616 1259 647; x_wconf 89' lang='lat' dir='ltr'>nempe</span> <span class='ocrx_word' id='word_1_194' title='bbox 1294 608 1470 649; x_wconf 69' lang='lat' dir='ltr'>panderat,</span> 
     </span>
    </p>

    <p class='ocr_par' dir='ltr' id='par_1_36' title="bbox 937 654 1374 694">
     <span class='ocr_line' id='line_1_53' title="bbox 937 654 1374 694; baseline 0.002 -9"><span class='ocrx_word' id='word_1_195' title='bbox 937 654 1042 686; x_wconf 83' lang='lat' dir='ltr'>Affers</span> <span class='ocrx_word' id='word_1_196' title='bbox 1069 654 1201 693; x_wconf 83' lang='lat' dir='ltr'>pallium</span> <span class='ocrx_word' id='word_1_197' title='bbox 1229 656 1374 694; x_wconf 78' lang='lat' dir='ltr'>petitum,</span> 
     </span>
    </p>

    <p class='ocr_par' dir='ltr' id='par_1_37' title="bbox 938 703 1470 783">
     <span class='ocr_line' id='line_1_54' title="bbox 938 703 1425 743; baseline -0.002 -9"><span class='ocrx_word' id='word_1_198' title='bbox 938 703 1095 743; x_wconf 68' lang='lat' dir='ltr'>plangens</span> <span class='ocrx_word' id='word_1_199' title='bbox 1123 704 1251 734; x_wconf 87' lang='lat' dir='ltr'>rediens</span> <span class='ocrx_word' id='word_1_200' title='bbox 1278 705 1425 742; x_wconf 78' lang='lat' dir='ltr'>sopitum.</span> 
     </span>
     <span class='ocr_line' id='line_1_55' title="bbox 980 751 1470 783; baseline 0 0"><span class='ocrx_word' id='word_1_201' title='bbox 980 752 1016 783; x_wconf 88' lang='lat' dir='ltr'>In</span> <span class='ocrx_word' id='word_1_202' title='bbox 1040 751 1168 783; x_wconf 82' lang='lat' dir='ltr'>Christo</span> <span class='ocrx_word' id='word_1_203' title='bbox 1194 752 1258 782; x_wconf 82' lang='lat' dir='ltr'>iam</span> <span class='ocrx_word' id='word_1_204' title='bbox 1285 752 1470 783; x_wconf 75' lang='lat' dir='ltr'>dormierat.</span> 
     </span>
    </p>
   </div>
   <div class='ocr_carea' id='block_1_34' title="bbox 898 823 1404 863">
    <p class='ocr_par' dir='ltr' id='par_1_38' title="bbox 898 823 1404 863">
     <span class='ocr_line' id='line_1_56' title="bbox 898 823 1404 863; baseline -0.004 -7"><span class='ocrx_word' id='word_1_205' title='bbox 898 850 904 856; x_wconf 92' lang='lat'>.</span> <span class='ocrx_word' id='word_1_206' title='bbox 933 823 1045 854; x_wconf 71' lang='lat' dir='ltr'>Cernis</span> <span class='ocrx_word' id='word_1_207' title='bbox 1072 827 1194 854; x_wconf 86' lang='lat' dir='ltr'>turmas</span> <span class='ocrx_word' id='word_1_208' title='bbox 1220 824 1404 863; x_wconf 65' lang='lat' dir='ltr'>angelorum</span> 
     </span>
    </p>
   </div>
   <div class='ocr_carea' id='block_1_35' title="bbox 930 872 1465 1103">
    <p class='ocr_par' dir='ltr' id='par_1_39' title="bbox 932 872 1395 959">
     <span class='ocr_line' id='line_1_57' title="bbox 932 872 1311 911; baseline -0.003 -8"><span class='ocrx_word' id='word_1_209' title='bbox 932 872 1068 911; x_wconf 84' lang='lat' dir='ltr'>Iungere</span> <span class='ocrx_word' id='word_1_210' title='bbox 1095 872 1311 910; x_wconf 87' lang='lat' dir='ltr'>apostolorum</span> 
     </span>
     <span class='ocr_line' id='line_1_58' title="bbox 981 919 1395 959; baseline 0 -9"><span class='ocrx_word' id='word_1_211' title='bbox 981 919 1213 959; x_wconf 79' lang='lat' dir='ltr'>Proplietisque</span> <span class='ocrx_word' id='word_1_212' title='bbox 1240 920 1395 959; x_wconf 72' lang='lat' dir='ltr'>collegi03</span> 
     </span>
    </p>

    <p class='ocr_par' dir='ltr' id='par_1_40' title="bbox 930 967 1366 1006">
     <span class='ocr_line' id='line_1_59' title="bbox 930 967 1366 1006; baseline 0.002 -9"><span class='ocrx_word' id='word_1_213' title='bbox 930 968 1029 1004; x_wconf 78' lang='lat' dir='ltr'>Quam</span> <span class='ocrx_word' id='word_1_214' title='bbox 1059 967 1174 998; x_wconf 85' lang='lat' dir='ltr'>devote</span> <span class='ocrx_word' id='word_1_215' title='bbox 1202 968 1366 1006; x_wconf 85' lang='lat' dir='ltr'>moriatur,</span> 
     </span>
    </p>

    <p class='ocr_par' dir='ltr' id='par_1_41' title="bbox 931 1015 1465 1103">
     <span class='ocr_line' id='line_1_60' title="bbox 931 1015 1465 1056; baseline 0 -11"><span class='ocrx_word' id='word_1_216' title='bbox 931 1015 1050 1045; x_wconf 81' lang='lat' dir='ltr'>Flexus</span> <span class='ocrx_word' id='word_1_217' title='bbox 1077 1016 1189 1056; x_wconf 83' lang='lat' dir='ltr'>poples</span> <span class='ocrx_word' id='word_1_218' title='bbox 1217 1016 1275 1046; x_wconf 89' lang='lat' dir='ltr'>hoc</span> <span class='ocrx_word' id='word_1_219' title='bbox 1310 1019 1465 1055; x_wconf 72' lang='lat' dir='ltr'>testatur,</span> 
     </span>
     <span class='ocr_line' id='line_1_61' title="bbox 978 1063 1350 1103; baseline 0 -9"><span class='ocrx_word' id='word_1_220' title='bbox 978 1064 1002 1094; x_wconf 95' lang='lat' dir='ltr'>O</span> <span class='ocrx_word' id='word_1_221' title='bbox 1030 1063 1190 1102; x_wconf 79' lang='lat' dir='ltr'>stupenda</span> <span class='ocrx_word' id='word_1_222' title='bbox 1216 1064 1350 1103; x_wconf 83' lang='lat' dir='ltr'>religio!</span> 
     </span>
    </p>
   </div>
   <div class='ocr_carea' id='block_1_36' title="bbox 896 1134 1449 1174">
    <p class='ocr_par' dir='ltr' id='par_1_42' title="bbox 896 1134 1449 1174">
     <span class='ocr_line' id='line_1_62' title="bbox 896 1134 1449 1174; baseline -0.004 -6"><span class='ocrx_word' id='word_1_223' title='bbox 896 1162 902 1168; x_wconf 91' lang='lat'><em>.</em></span> <span class='ocrx_word' id='word_1_224' title='bbox 929 1134 1059 1166; x_wconf 71' lang='lat' dir='ltr'>Cambis</span> <span class='ocrx_word' id='word_1_225' title='bbox 1087 1141 1179 1174; x_wconf 77' lang='lat' dir='ltr'>pater</span> <span class='ocrx_word' id='word_1_226' title='bbox 1206 1140 1325 1166; x_wconf 88' lang='lat' dir='ltr'>vestem</span> <span class='ocrx_word' id='word_1_227' title='bbox 1352 1139 1449 1166; x_wconf 79' lang='lat' dir='ltr'>tuam.</span> 
     </span>
    </p>
   </div>
   <div class='ocr_carea' id='block_1_37' title="bbox 928 1183 1467 1408">
    <p class='ocr_par' dir='ltr' id='par_1_43' title="bbox 931 1183 1467 1271">
     <span class='ocr_line' id='line_1_63' title="bbox 931 1183 1378 1223; baseline 0 -10"><span class='ocrx_word' id='word_1_228' title='bbox 931 1183 1136 1214; x_wconf 80' lang='lat' dir='ltr'>Testamento</span> <span class='ocrx_word' id='word_1_229' title='bbox 1163 1184 1252 1222; x_wconf 86' lang='lat' dir='ltr'>capis</span> <span class='ocrx_word' id='word_1_230' title='bbox 1279 1192 1378 1223; x_wconf 79' lang='lat' dir='ltr'>suam,</span> 
     </span>
     <span class='ocr_line' id='line_1_64' title="bbox 977 1231 1467 1271; baseline -0.002 -9"><span class='ocrx_word' id='word_1_231' title='bbox 977 1232 1044 1270; x_wconf 75' lang='lat' dir='ltr'>Qua</span> <span class='ocrx_word' id='word_1_232' title='bbox 1071 1232 1102 1261; x_wconf 89' lang='lat' dir='ltr'>in</span> <span class='ocrx_word' id='word_1_233' title='bbox 1130 1231 1221 1262; x_wconf 83' lang='lat' dir='ltr'>festis</span> <span class='ocrx_word' id='word_1_234' title='bbox 1249 1231 1467 1271; x_wconf 77' lang='lat' dir='ltr'>progrederis,</span> 
     </span>
    </p>

    <p class='ocr_par' dir='ltr' id='par_1_44' title="bbox 928 1279 1397 1319">
     <span class='ocr_line' id='line_1_65' title="bbox 928 1279 1397 1319; baseline 0.004 -9"><span class='ocrx_word' id='word_1_235' title='bbox 928 1279 1032 1319; x_wconf 77' lang='lat' dir='ltr'>Digne</span> <span class='ocrx_word' id='word_1_236' title='bbox 1060 1280 1194 1311; x_wconf 80' lang='lat' dir='ltr'>credens</span> <span class='ocrx_word' id='word_1_237' title='bbox 1221 1284 1252 1310; x_wconf 85' lang='lat' dir='ltr'>te</span> <span class='ocrx_word' id='word_1_238' title='bbox 1279 1279 1397 1312; x_wconf 89' lang='lat' dir='ltr'>ornari.</span> 
     </span>
    </p>

    <p class='ocr_par' dir='ltr' id='par_1_45' title="bbox 929 1328 1351 1408">
     <span class='ocr_line' id='line_1_66' title="bbox 929 1328 1329 1366; baseline -0.005 -7"><span class='ocrx_word' id='word_1_239' title='bbox 929 1328 1025 1362; x_wconf 81' lang='lat' dir='ltr'>Tanti</span> <span class='ocrx_word' id='word_1_240' title='bbox 1052 1328 1155 1366; x_wconf 87' lang='lat' dir='ltr'>patris</span> <span class='ocrx_word' id='word_1_241' title='bbox 1183 1328 1329 1359; x_wconf 87' lang='lat' dir='ltr'>decorari</span> 
     </span>
     <span class='ocr_line' id='line_1_67' title="bbox 975 1376 1351 1408; baseline 0.005 -2"><span class='ocrx_word' id='word_1_242' title='bbox 975 1376 1105 1406; x_wconf 75' lang='lat' dir='ltr'>Amic-tu</span> <span class='ocrx_word' id='word_1_243' title='bbox 1132 1377 1158 1407; x_wconf 83' lang='lat' dir='ltr'>si</span> <span class='ocrx_word' id='word_1_244' title='bbox 1185 1377 1351 1408; x_wconf 85' lang='lat' dir='ltr'>merueris.</span> 
     </span>
    </p>
   </div>
   <div class='ocr_carea' id='block_1_38' title="bbox 897 1448 1359 1487">
    <p class='ocr_par' dir='ltr' id='par_1_46' title="bbox 897 1448 1359 1487">
     <span class='ocr_line' id='line_1_68' title="bbox 897 1448 1359 1487; baseline -0.004 -8"><span class='ocrx_word' id='word_1_245' title='bbox 897 1473 903 1480; x_wconf 93' lang='lat'>.</span> <span class='ocrx_word' id='word_1_246' title='bbox 928 1448 1013 1478; x_wconf 86' lang='lat' dir='ltr'>Dant</span> <span class='ocrx_word' id='word_1_247' title='bbox 1042 1448 1148 1478; x_wconf 88' lang='lat' dir='ltr'>leones</span> <span class='ocrx_word' id='word_1_248' title='bbox 1175 1448 1359 1487; x_wconf 80' lang='lat' dir='ltr'>sepultarae</span> 
     </span>
    </p>
   </div>
   <div class='ocr_carea' id='block_1_39' title="bbox 931 1496 1470 1728">
    <p class='ocr_par' dir='ltr' id='par_1_47' title="bbox 932 1496 1466 1583">
     <span class='ocr_line' id='line_1_69' title="bbox 932 1496 1454 1535; baseline -0.004 -8"><span class='ocrx_word' id='word_1_249' title='bbox 932 1496 1055 1535; x_wconf 86' lang='lat' dir='ltr'>Corpus</span> <span class='ocrx_word' id='word_1_250' title='bbox 1081 1505 1206 1527; x_wconf 83' lang='lat' dir='ltr'>sacrum</span> <span class='ocrx_word' id='word_1_251' title='bbox 1234 1501 1265 1526; x_wconf 89' lang='lat' dir='ltr'>et</span> <span class='ocrx_word' id='word_1_252' title='bbox 1290 1496 1349 1526; x_wconf 79' lang='lat' dir='ltr'>lioc</span> <span class='ocrx_word' id='word_1_253' title='bbox 1375 1496 1454 1535; x_wconf 79' lang='lat' dir='ltr'>iure,</span> 
     </span>
     <span class='ocr_line' id='line_1_70' title="bbox 984 1543 1466 1583; baseline -0.004 -8"><span class='ocrx_word' id='word_1_254' title='bbox 984 1545 1025 1576; x_wconf 86' lang='lat' dir='ltr'>Ut</span> <span class='ocrx_word' id='word_1_255' title='bbox 1050 1545 1170 1575; x_wconf 87' lang='lat' dir='ltr'>sanctis</span> <span class='ocrx_word' id='word_1_256' title='bbox 1198 1543 1285 1575; x_wconf 86' lang='lat' dir='ltr'>ferae</span> <span class='ocrx_word' id='word_1_257' title='bbox 1312 1548 1466 1583; x_wconf 64' lang='lat' dir='ltr'>pareant,</span> 
     </span>
    </p>

    <p class='ocr_par' dir='ltr' id='par_1_48' title="bbox 932 1593 1376 1632">
     <span class='ocr_line' id='line_1_71' title="bbox 932 1593 1376 1632; baseline -0.005 -8"><span class='ocrx_word' id='word_1_258' title='bbox 932 1593 985 1624; x_wconf 84' lang='lat' dir='ltr'>Sic</span> <span class='ocrx_word' id='word_1_259' title='bbox 1010 1602 1067 1631; x_wconf 81' lang='lat' dir='ltr'>spe</span> <span class='ocrx_word' id='word_1_260' title='bbox 1094 1602 1168 1624; x_wconf 80' lang='lat' dir='ltr'>caro</span> <span class='ocrx_word' id='word_1_261' title='bbox 1193 1593 1376 1632; x_wconf 81' lang='lat' dir='ltr'>requiescit,</span> 
     </span>
    </p>

    <p class='ocr_par' dir='ltr' id='par_1_49' title="bbox 931 1640 1470 1728">
     <span class='ocr_line' id='line_1_72' title="bbox 931 1640 1350 1680; baseline -0.005 -8"><span class='ocrx_word' id='word_1_262' title='bbox 931 1641 1028 1672; x_wconf 83' lang='lat' dir='ltr'>Bonis</span> <span class='ocrx_word' id='word_1_263' title='bbox 1054 1641 1175 1678; x_wconf 69' lang='lat' dir='ltr'>gloriae</span> <span class='ocrx_word' id='word_1_264' title='bbox 1202 1640 1350 1680; x_wconf 81' lang='lat' dir='ltr'>fulgescit</span> 
     </span>
     <span class='ocr_line' id='line_1_73' title="bbox 979 1689 1470 1728; baseline 0.004 -9"><span class='ocrx_word' id='word_1_265' title='bbox 979 1689 1130 1728; x_wconf 82' lang='lat' dir='ltr'>Spiritus,</span> <span class='ocrx_word' id='word_1_266' title='bbox 1158 1698 1250 1728; x_wconf 90' lang='lat' dir='ltr'>quem</span> <span class='ocrx_word' id='word_1_267' title='bbox 1271 1689 1470 1721; x_wconf 83' lang='lat' dir='ltr'>exhilarant.</span> 
     </span>
    </p>
   </div>
   <div class='ocr_carea' id='block_1_40' title="bbox 894 1760 1444 1800">
    <p class='ocr_par' dir='ltr' id='par_1_50' title="bbox 894 1760 1444 1800">
     <span class='ocr_line' id='line_1_74' title="bbox 894 1760 1444 1800; baseline -0.002 -9"><span class='ocrx_word' id='word_1_268' title='bbox 894 1787 900 1792; x_wconf 94' lang='lat'>.</span> <span class='ocrx_word' id='word_1_269' title='bbox 931 1762 1008 1799; x_wconf 86' lang='lat' dir='ltr'>lam,</span> <span class='ocrx_word' id='word_1_270' title='bbox 1037 1761 1205 1800; x_wconf 78' lang='lat' dir='ltr'>praeclara</span> <span class='ocrx_word' id='word_1_271' title='bbox 1232 1760 1313 1791; x_wconf 83' lang='lat' dir='ltr'>caeli</span> <span class='ocrx_word' id='word_1_272' title='bbox 1340 1761 1444 1799; x_wconf 83' lang='lat' dir='ltr'>stella,</span> 
     </span>
    </p>
   </div>
   <div class='ocr_carea' id='block_1_41' title="bbox 931 1808 1466 2040">
    <p class='ocr_par' dir='ltr' id='par_1_51' title="bbox 931 1808 1464 1896">
     <span class='ocr_line' id='line_1_75' title="bbox 931 1808 1390 1849; baseline -0.002 -9"><span class='ocrx_word' id='word_1_273' title='bbox 931 1810 1028 1841; x_wconf 81' lang='lat' dir='ltr'>Paule</span> <span class='ocrx_word' id='word_1_274' title='bbox 1055 1813 1157 1849; x_wconf 82' lang='lat' dir='ltr'>pater,</span> <span class='ocrx_word' id='word_1_275' title='bbox 1190 1810 1268 1840; x_wconf 84' lang='lat' dir='ltr'>seda</span> <span class='ocrx_word' id='word_1_276' title='bbox 1294 1808 1390 1845; x_wconf 72' lang='lat' dir='ltr'>bella,</span> 
     </span>
     <span class='ocr_line' id='line_1_76' title="bbox 977 1857 1464 1896; baseline -0.002 -8"><span class='ocrx_word' id='word_1_277' title='bbox 977 1857 1097 1896; x_wconf 72' lang='lat' dir='ltr'>Quibus</span> <span class='ocrx_word' id='word_1_278' title='bbox 1122 1858 1283 1889; x_wconf 87' lang='lat' dir='ltr'>desertum</span> <span class='ocrx_word' id='word_1_279' title='bbox 1303 1857 1464 1896; x_wconf 68' lang='lat' dir='ltr'>quatitur,</span> 
     </span>
    </p>

    <p class='ocr_par' dir='ltr' id='par_1_52' title="bbox 931 1905 1449 1946">
     <span class='ocr_line' id='line_1_77' title="bbox 931 1905 1449 1946; baseline -0.004 -9"><span class='ocrx_word' id='word_1_280' title='bbox 931 1905 1005 1937; x_wconf 87' lang='lat' dir='ltr'>Urit</span> <span class='ocrx_word' id='word_1_281' title='bbox 1030 1905 1123 1944; x_wconf 66' lang='lat' dir='ltr'>ignis,</span> <span class='ocrx_word' id='word_1_282' title='bbox 1151 1906 1279 1936; x_wconf 85' lang='lat' dir='ltr'>mordet</span> <span class='ocrx_word' id='word_1_283' title='bbox 1305 1914 1449 1946; x_wconf 87' lang='lat' dir='ltr'>serpens,</span> 
     </span>
    </p>

    <p class='ocr_par' dir='ltr' id='par_1_53' title="bbox 931 1953 1466 2040">
     <span class='ocr_line' id='line_1_78' title="bbox 931 1953 1451 1992; baseline -0.002 -7"><span class='ocrx_word' id='word_1_284' title='bbox 931 1953 1054 1985; x_wconf 84' lang='lat' dir='ltr'>Gravat</span> <span class='ocrx_word' id='word_1_285' title='bbox 1079 1953 1171 1985; x_wconf 81' lang='lat' dir='ltr'>labor</span> <span class='ocrx_word' id='word_1_286' title='bbox 1196 1959 1292 1992; x_wconf 80' lang='lat' dir='ltr'>atque</span> <span class='ocrx_word' id='word_1_287' title='bbox 1319 1958 1451 1992; x_wconf 86' lang='lat' dir='ltr'>torpens</span> 
     </span>
     <span class='ocr_line' id='line_1_79' title="bbox 979 2002 1466 2040; baseline 0.002 -7"><span class='ocrx_word' id='word_1_288' title='bbox 979 2002 1072 2033; x_wconf 77' lang='lat' dir='ltr'>Mens</span> <span class='ocrx_word' id='word_1_289' title='bbox 1097 2002 1253 2033; x_wconf 79' lang='lat' dir='ltr'>Amalech</span> <span class='ocrx_word' id='word_1_290' title='bbox 1276 2002 1466 2040; x_wconf 86' lang='lat' dir='ltr'>insequitur.</span> 
     </span>
    </p>
   </div>
   <div class='ocr_carea' id='block_1_42' title="bbox 932 2074 1422 2115">
    <p class='ocr_par' dir='ltr' id='par_1_54' title="bbox 880 2074 1422 2115">
     <span class='ocr_line' id='line_1_80' title="bbox 932 2074 1422 2115; baseline -0.004 -8.192"><span class='ocrx_word' id='word_1_291' title='bbox 932 2075 1002 2106; x_wconf 86' lang='lat' dir='ltr'>Duc</span> <span class='ocrx_word' id='word_1_292' title='bbox 1028 2084 1086 2106; x_wconf 82' lang='lat' dir='ltr'>nos</span> <span class='ocrx_word' id='word_1_293' title='bbox 1113 2079 1251 2106; x_wconf 88' lang='lat' dir='ltr'>montem</span> <span class='ocrx_word' id='word_1_294' title='bbox 1279 2074 1422 2115; x_wconf 86' lang='lat' dir='ltr'>visionis,</span> 
     </span>
    </p>
   </div>
   <div class='ocr_carea' id='block_1_43' title="bbox 933 2123 1467 2353">
    <p class='ocr_par' dir='ltr' id='par_1_55' title="bbox 933 2123 1394 2211">
     <span class='ocr_line' id='line_1_81' title="bbox 933 2123 1394 2163; baseline -0.002 -9"><span class='ocrx_word' id='word_1_295' title='bbox 933 2124 1065 2154; x_wconf 81' lang='lat' dir='ltr'>Terram</span> <span class='ocrx_word' id='word_1_296' title='bbox 1093 2125 1133 2155; x_wconf 82' lang='lat' dir='ltr'>ad</span> <span class='ocrx_word' id='word_1_297' title='bbox 1160 2123 1394 2163; x_wconf 83' lang='lat' dir='ltr'>promissionis,</span> 
     </span>
     <span class='ocr_line' id='line_1_82' title="bbox 982 2172 1370 2211; baseline -0.003 -8"><span class='ocrx_word' id='word_1_298' title='bbox 982 2172 1158 2211; x_wconf 85' lang='lat' dir='ltr'>Supernam</span> <span class='ocrx_word' id='word_1_299' title='bbox 1185 2172 1370 2211; x_wconf 85' lang='lat' dir='ltr'>Ierusalem,</span> 
     </span>
    </p>

    <p class='ocr_par' dir='ltr' id='par_1_56' title="bbox 935 2220 1394 2260">
     <span class='ocr_line' id='line_1_83' title="bbox 935 2220 1394 2260; baseline -0.004 -8"><span class='ocrx_word' id='word_1_300' title='bbox 935 2220 999 2253; x_wconf 87' lang='lat' dir='ltr'>Ubi</span> <span class='ocrx_word' id='word_1_301' title='bbox 1024 2221 1144 2251; x_wconf 85' lang='lat' dir='ltr'>sanctis</span> <span class='ocrx_word' id='word_1_302' title='bbox 1170 2225 1262 2260; x_wconf 85' lang='lat' dir='ltr'>pater</span> <span class='ocrx_word' id='word_1_303' title='bbox 1290 2225 1394 2259; x_wconf 77' lang='lat' dir='ltr'>paret,</span> 
     </span>
    </p>

    <p class='ocr_par' dir='ltr' id='par_1_57' title="bbox 934 2268 1467 2353">
     <span class='ocr_line' id='line_1_84' title="bbox 934 2268 1467 2307; baseline -0.002 -8"><span class='ocrx_word' id='word_1_304' title='bbox 934 2268 1066 2300; x_wconf 78' lang='lat' dir='ltr'>Flamen</span> <span class='ocrx_word' id='word_1_305' title='bbox 1085 2269 1189 2307; x_wconf 81' lang='lat' dir='ltr'>ardet,</span> <span class='ocrx_word' id='word_1_306' title='bbox 1218 2268 1348 2300; x_wconf 87' lang='lat' dir='ltr'>verbum</span> <span class='ocrx_word' id='word_1_307' title='bbox 1368 2268 1467 2300; x_wconf 84' lang='lat' dir='ltr'>claret</span> 
     </span>
     <span class='ocr_line' id='line_1_85' title="bbox 983 2317 1466 2353; baseline -0.002 -6"><span class='ocrx_word' id='word_1_308' title='bbox 983 2317 1042 2348; x_wconf 80' lang='lat' dir='ltr'>Per</span> <span class='ocrx_word' id='word_1_309' title='bbox 1068 2321 1109 2353; x_wconf 80' lang='lat' dir='ltr'>te,</span> <span class='ocrx_word' id='word_1_310' title='bbox 1138 2327 1193 2349; x_wconf 80' lang='lat' dir='ltr'>rex</span> <span class='ocrx_word' id='word_1_311' title='bbox 1219 2327 1238 2348; x_wconf 90' lang='lat' dir='ltr'>o</span> <span class='ocrx_word' id='word_1_312' title='bbox 1257 2317 1331 2348; x_wconf 86' lang='lat' dir='ltr'>Iesu</span> <span class='ocrx_word' id='word_1_313' title='bbox 1350 2317 1466 2348; x_wconf 76' lang='lat' dir='ltr'>Salem.</span> 
     </span>
    </p>
   </div>
   <div class='ocr_carea' id='block_1_44' title="bbox 216 2383 1466 2424">
    <p class='ocr_par' dir='ltr' id='par_1_58' title="bbox 216 2383 1466 2424">
     <span class='ocr_line' id='line_1_86' title="bbox 216 2383 1466 2424; baseline -0.003 -9"><span class='ocrx_word' id='word_1_314' title='bbox 216 2387 298 2415; x_wconf 83' lang='lat' dir='ltr'>Orat.</span> <span class='ocrx_word' id='word_1_315' title='bbox 321 2396 372 2415; x_wconf 86' lang='lat' dir='ltr'>ms.</span> <span class='ocrx_word' id='word_1_316' title='bbox 389 2387 553 2424; x_wconf 75' lang='lat' dir='ltr'>campense</span> <span class='ocrx_word' id='word_1_317' title='bbox 574 2388 644 2414; x_wconf 81' lang='lat' dir='ltr'>anni</span> <span class='ocrx_word' id='word_1_318' title='bbox 662 2385 743 2414; x_wconf 80' lang='lat'>1462.</span> <span class='ocrx_word' id='word_1_319' title='bbox 780 2387 850 2414; x_wconf 83' lang='lat' dir='ltr'>Cod.</span> <span class='ocrx_word' id='word_1_320' title='bbox 869 2385 1078 2414; x_wconf 80' lang='lat' dir='ltr'>Darinstatien.</span> <span class='ocrx_word' id='word_1_321' title='bbox 1099 2383 1162 2412; x_wconf 79' lang='lat'>521.</span> <span class='ocrx_word' id='word_1_322' title='bbox 1179 2400 1214 2404; x_wconf 93' lang='lat'>—</span> <span class='ocrx_word' id='word_1_323' title='bbox 1233 2384 1255 2417; x_wconf 72' lang='lat' dir='ltr'>l,</span> <span class='ocrx_word' id='word_1_324' title='bbox 1273 2384 1291 2413; x_wconf 81' lang='lat'><strong>4</strong></span> <span class='ocrx_word' id='word_1_325' title='bbox 1306 2386 1413 2412; x_wconf 74' lang='lat' dir='ltr'>Prinne.</span> <span class='ocrx_word' id='word_1_326' title='bbox 1431 2401 1466 2404; x_wconf 80' lang='lat'>—</span> 
     </span>
    </p>
   </div>
   <div class='ocr_carea' id='block_1_45' title="bbox 140 2427 394 2463">
    <p class='ocr_par' dir='ltr' id='par_1_59' title="bbox 140 2427 394 2463">
     <span class='ocr_line' id='line_1_87' title="bbox 140 2427 394 2463; baseline -0.012 -5"><span class='ocrx_word' id='word_1_327' title='bbox 140 2428 184 2463; x_wconf 87' lang='lat'>13,</span> <span class='ocrx_word' id='word_1_328' title='bbox 206 2428 225 2457; x_wconf 78' lang='lat'><strong>3</strong></span> <span class='ocrx_word' id='word_1_329' title='bbox 246 2427 394 2457; x_wconf 83' lang='lat' dir='ltr'>Occultas.</span> 
     </span>
    </p>
   </div>
  </div>
 </body>
</html>
