1651 2680
707 107 942 142 ..13-

239 199 362 229 Colleet.
390 209 443 228 ms.
473 202 603 229 incertae
631 203 705 238 orig.
734 210 810 231 saec.
838 198 882 228 10.
910 200 982 228 Cod.
1003 201 1129 228 Ber-nen.
1156 195 1221 226 584.
1241 209 1279 216 -
1299 196 1334 224 In
1356 194 1408 222 der
1434 193 1490 220 Hs.

161 237 256 266 lautet
276 238 374 267 dieser
394 239 549 275 Hymnus:

391 315 484 343 Adest
503 318 618 351 tempus
640 316 825 349 matutinum,
847 315 931 343 dulce
952 315 1146 351 gallinicium.

392 354 447 382 Ille
470 353 596 380 blandus
618 356 648 380 et
667 354 846 384 tremendus,
867 355 949 380 mitis
971 356 1000 380 et
1019 354 1161 380 terribilis

390 391 431 419 Et
451 393 528 427 patri
549 392 729 422 conciliavit,
749 395 810 420 toto
832 391 902 419 fisus
923 400 1054 426 corpore,

391 431 607 457 Holocaustum
630 429 788 465 singulare,
811 431 963 456 victimam
986 429 1162 456 mirabilem.

391 469 472 495 Hine
493 471 650 495 manarunt
671 471 864 500 sacramenta,
886 470 952 503 quis
973 471 1088 494 constat
1109 464 1242 499 ecclesia,

389 506 452 533 Pax
477 506 599 532 inormis
620 508 649 532 et
670 505 803 539 dulcedo,
826 506 923 533 lucida
944 507 1090 541 purgatio,

390 544 485 578 Quam
506 543 638 579 providit
659 548 688 570 et
709 544 854 579 quadrato
874 543 999 580 protulit
1019 546 1145 571 senario.

390 583 446 609 His
468 583 511 608 ita
531 582 660 609 surrexit
680 581 825 617 Christus,
849 582 973 609 blandus
995 585 1025 608 et
1045 581 1202 617 fulgemus,

389 619 493 654 Qualis
517 624 562 647 est
583 619 684 646 electis
708 620 827 650 Christi,
850 621 948 655 qualis
969 620 1182 655 peccatoribus,

388 659 456 685 Lux
476 661 606 689 aeterna,
629 667 713 685 mane
734 662 867 685 nostrum
889 659 1046 693 lumenque
1068 662 1249 693 perpetuum,

390 697 515 724 Nostros
537 697 601 724 dies
623 699 674 723 tua
696 704 767 732 pace
789 698 906 732 placeat
926 697 1091 732 disponere,

388 735 532 762 Dimittas
555 737 676 770 peccata
698 738 808 766 nostra,
830 744 934 770 parcas
956 735 1138 762 facinoribus

387 774 483 810 Atque
505 774 560 801 tibi
583 773 770 809 consepultas
791 773 944 808 quadratis
966 773 1146 803 muneribus,

390 811 527 848 Coeperit
547 813 658 839 clarere
675 813 788 838 cunctis
811 813 909 844 specie
931 812 1082 842 terribilis,

388 851 449 878 Nos
472 859 649 887 cognoscere
671 850 801 884 digneris
824 853 889 876 tuos
913 859 976 877 esse
998 851 1132 885 proprios

387 890 429 916 Ac
451 889 526 916 tales
547 889 678 924 digneris
701 890 776 924 parti
799 889 939 924 deputare
961 888 1106 915 dexterae.

388 928 476 955 Hunc
497 928 575 955 diem
597 929 660 955 sine
683 932 803 963 peccato
826 928 939 954 tribuas
963 929 1134 963 transigere,

389 966 454 1000 Quo
476 967 530 994 tibi
554 967 708 1003 possimus,
732 967 821 998 Deus,
844 966 1003 993 adhaerere
1026 967 1140 1001 iugiter.

388 1005 491 1033 Gloria
513 1007 550 1032 sit
573 1005 636 1033 Deo
658 1007 767 1037 nostro,
791 1005 866 1041 patri
889 1005 1104 1040 potentissimo.

662 1138 689 1168 5.
722 1137 822 1168 Horae
843 1136 976 1168 Primae.

327 1218 412 1251 Audi
440 1218 552 1250 laudes
579 1218 676 1250 horae
703 1219 836 1259 primae,
864 1219 951 1251 Deus
978 1220 1235 1264 clementissime,

327 1266 413 1306 Quas
439 1266 498 1298 tibi
526 1265 632 1299 fundit
660 1267 775 1299 devote
801 1276 860 1299 nec
886 1278 948 1300 non
976 1267 1167 1301 fidelissime

329 1313 416 1348 Grex
442 1315 578 1355 pusillus
605 1324 642 1346 ac
668 1316 820 1358 misellus,
851 1316 978 1348 humilis
1006 1322 1037 1348 et
1063 1319 1219 1351 modicus.

329 1362 473 1403 Namque
499 1367 533 1395 tu
559 1373 592 1395 es
619 1373 750 1404 magnus
776 1370 874 1401 sator,
902 1365 976 1397 vitis
1005 1370 1037 1397 et
1062 1367 1214 1409 agricola,

266 1414 297 1444 5.
324 1410 397 1444 Non
425 1410 556 1444 confuse
582 1421 641 1444 nec
668 1413 781 1452 divise,
809 1418 842 1444 tu
869 1418 962 1452 pater
991 1412 1139 1457 familias,

329 1459 503 1499 operarios
530 1460 711 1492 conducens
738 1461 769 1492 in
797 1462 930 1493 electam
958 1462 1094 1495 vineam.

329 1507 396 1546 Quo
425 1508 519 1540 existi
545 1509 649 1549 primo
675 1517 766 1540 mane
793 1510 876 1541 Abel
903 1510 1073 1553 sacrificio,

330 1556 441 1589 Tertia
466 1565 655 1597 progressus
681 1557 758 1589 inde
784 1557 853 1590 Noe
879 1567 987 1590 arcam
1014 1560 1162 1599 velimus,

329 1605 445 1637 Sextae
472 1610 650 1644 pronotans
677 1610 709 1637 et
735 1615 837 1638 nonae
863 1606 1026 1638 Abraham
1055 1612 1085 1639 et
1112 1608 1257 1649 Moysen.

243 1653 300 1688 10.
325 1652 422 1685 Hunc
447 1653 585 1693 primum
611 1653 742 1685 vivendi
769 1654 897 1686 modum
925 1655 1044 1688 docens
1070 1658 1271 1698 naturaliter,

330 1701 478 1734 Alterum
504 1710 564 1740 per
589 1701 695 1733 datam
724 1702 825 1742 legem
852 1704 966 1734 statuis
992 1703 1150 1744 legaliter,

327 1749 444 1788 Sicque
469 1749 622 1788 gradibus
649 1751 790 1782 ascensis
816 1750 906 1782 iubes
933 1751 1125 1791 spiritaliter

327 1796 454 1839 Vivere,
489 1797 536 1828 sic
560 1798 689 1837 operari
715 1799 851 1838 mystica
877 1799 908 1830 in
936 1799 1040 1841 vinea,

327 1845 438 1877 Donec
462 1845 591 1876 tandem
616 1849 650 1876 tu
676 1846 791 1878 venisti
819 1855 1009 1879 consecrans
1035 1846 1248 1880 undecimam.

237 1894 294 1927 15.
321 1892 487 1932 Spiritalis
511 1901 649 1932 namque
674 1894 741 1925 vita
766 1895 935 1928 animalem
961 1895 1084 1928 iudicat

327 1941 371 1974 Et
398 1940 578 1980 procedens
604 1950 706 1981 aequa
731 1941 823 1974 lance
849 1942 910 1974 iam
939 1945 1099 1976 carnalem
1128 1944 1291 1984 reprobat.

327 1988 409 2023 Inde
435 1988 516 2021 fiunt
540 1989 610 2021 iure
635 1989 743 2029 primi,
770 1991 824 2030 qui
850 1995 940 2023 erant
967 1992 1144 2025 novissimi.

326 2037 426 2077 Ergo,
455 2036 544 2069 Deus
570 2036 634 2079 pie,
663 2038 802 2070 clemens
829 2048 950 2080 rexque
975 2041 1262 2081 praestantissime,

326 2085 480 2118 Nostram
509 2085 634 2117 vineam
661 2086 814 2118 moralem
842 2087 984 2127 digneris
1011 2088 1157 2121 excolere

238 2136 298 2170 20.
324 2136 434 2174 Atque
461 2133 561 2167 vitam
587 2135 744 2174 puerilem
770 2136 920 2167 misertus
946 2137 1096 2168 attollere

327 2185 378 2216 Ac
406 2183 593 2224 primaevae
618 2182 793 2214 iuventutis
819 2183 968 2216 flosculos
995 2185 1129 2225 erigere,

327 2230 446 2264 Totum
473 2229 572 2262 robur
598 2229 738 2262 iuvenile
764 2231 955 2263 miseranter
980 2241 1093 2272 regere

325 2281 376 2312 Ac
404 2287 522 2320 corpus
549 2282 581 2310 et
607 2287 663 2310 cor
687 2278 788 2310 senile
816 2278 869 2320 pie
894 2279 956 2311 iam
983 2280 1123 2313 invisere

326 2327 372 2361 Et
398 2325 488 2360 facta
515 2326 674 2358 divisione
701 2327 846 2367 corporis
873 2330 905 2358 et
931 2327 1056 2360 animae

238 2378 297 2411 25.
324 2377 363 2409 ln
387 2378 461 2408 tuas
488 2375 583 2407 sedes
609 2373 721 2407 beatas
748 2375 919 2416 dignanter
945 2376 1090 2416 recipere

326 2423 381 2466 Et,
408 2423 512 2456 donec
537 2427 570 2455 te
601 2422 778 2464 videamus,
805 2423 864 2456 hos
891 2423 959 2456 dies
987 2424 1168 2466 disponere.
