1651 2680
713 112 973 148 —294—

575 236 641 266 266.
681 233 724 266 De
745 244 769 266 s.
791 234 891 266 Maria
911 234 1105 275 magdalena.

466 325 547 366 Ave,
578 326 693 357 Maria
718 326 923 366 Magdalena,

467 374 587 406 Gratia
614 375 827 414 redemptoris
850 374 959 414 plena,

467 422 643 461 Dominus,
671 423 808 454 dilector
832 425 864 453 et
891 422 1025 453 dilectus
1051 426 1133 465 tuus,
1160 426 1274 462 tecum,

465 472 552 510 Quae
579 469 655 501 fecit
680 472 713 502 in
739 474 781 509 te,
809 469 907 502 faeiat
932 479 1063 502 mecum.

468 519 645 550 Benedicta
671 521 705 550 tu
731 519 767 549 in
793 518 1024 558 peccatoribus,

467 566 583 597 Forma
609 567 823 606 paenitentiae
849 566 926 598 viris
952 571 982 596 et
1008 566 1207 604 mulieribus,

467 614 512 646 Et
537 614 719 646 benedictus
746 624 815 645 cum
842 619 943 646 matre
969 614 1124 646 Dominus

468 662 595 699 Noster,
624 663 710 693 lesus
737 662 892 700 Christus,
921 662 1123 693 dulcissimus

465 709 604 741 Fructus
633 710 749 741 ventris
777 709 920 750 virginei,

465 758 695 789 chiunerator
720 758 837 789 amoris
862 758 921 791 tui.

262 832 381 897 Coljlggt
416 841 467 858 ms.
503 833 659 860 Libeliardi
695 834 801 868 prioris
835 833 1067 860 Reichenbacen.
1101 834 1171 859 anni
1208 830 1289 859 1476.
1326 832 1400 859 Clm.
1437 831 1500 857 Mo-

186 872 318 897 nacenz
360 873 385 897 ί).

571 974 634 1003 267.
677 974 718 1003 De
740 982 763 1003 s.
786 973 887 1004 Maria
907 973 1105 1013 magdalena.

202 1063 230 1093 1.
259 1063 283 1093 O
311 1062 415 1093 Maria
442 1062 643 1101 Magrlalena,
884 1065 915 1097 4.
943 1063 1062 1094 Bonam
1090 1066 1213 1102 partem
1241 1063 1376 1102 elegisti,

309 1110 398 1141 Prius
426 1119 480 1140 vas
506 1110 690 1149 spurcitiae,
990 1112 1094 1143 Iesum
1122 1110 1282 1142 Christum
1310 1111 1480 1142 Dominum

258 1157 358 1188 Facta
385 1157 532 1188 virtutum
561 1157 681 1199 lagena,
941 1159 1046 1198 Super
1072 1162 1186 1189 cuncta
1212 1159 1353 1189 dilexisti

307 1205 427 1235 Norma
452 1205 676 1244 paenitentiae,
990 1206 1184 1245 Veniamque
1211 1206 1389 1245 criminum,

257 1253 307 1283 Ad
337 1258 366 1282 tc
393 1252 506 1283 clamat
535 1253 626 1291 plebs
653 1262 751 1292 egena
940 1254 1024 1284 Hinc
1048 1259 1230 1284 sanctarum
1256 1254 1401 1284 meruisti

303 1300 450 1330 Mortalis
478 1300 618 1333 militiae.
987 1301 1125 1332 Consors
1151 1310 1221 1332 esse
1248 1301 1415 1341 virginum.

201 1376 231 1407 2.
261 1376 374 1406 Funde
399 1384 509 1414 preces
535 1385 593 1414 pro
619 1377 772 1418 scelestis,
882 1379 912 1408 5.
941 1377 988 1408 Tu
1013 1386 1104 1408 soror
1129 1378 1358 1418 apostolorum,

307 1423 352 1456 Ut
377 1428 486 1461 optata
513 1424 603 1453 venia
988 1425 1036 1455 Tu
1063 1425 1158 1456 decus
1185 1425 1349 1465 ecclesiae,

257 1470 405 1501 Ditentur
431 1471 513 1509 regis
540 1471 686 1501 caelestis
939 1472 987 1503 Tu
1011 1472 1111 1503 honor
1137 1473 1405 1516 praedicatorum,

305 1518 443 1549 Salutari
469 1519 580 1556 gratia,
988 1520 1036 1550 Tu
1060 1529 1182 1559 gemma
1210 1520 1406 1559 Provinciae,

256 1566 365 1604 Sitque
389 1566 570 1604 angelorum
597 1566 688 1596 testis
940 1567 988 1598 Tu
1014 1568 1180 1607 purgatrix
1206 1574 1421 1610 peecatorum,

303 1614 385 1644 Pura
411 1614 615 1645 conscientia.
986 1615 1035 1646 Tu
1060 1615 1112 1646 lex
1139 1617 1365 1656 paenitentiae.

203 1691 234 1722 3.
264 1690 436 1720 Caritatem
463 1688 514 1719 fac
539 1699 656 1729 amare,
883 1693 913 1723 6.
942 1691 1001 1729 Qui
1027 1695 1058 1722 te
1083 1692 1191 1726 traxit,
1219 1693 1376 1731 gloriosus

309 1737 436 1768 Tollere
461 1737 624 1778 invidiam,
991 1740 1088 1771 Pater
1113 1749 1273 1778 nunquam
1299 1742 1436 1781 genitus,

258 1785 420 1817 Unitatem
449 1793 646 1826 conservare,
942 1787 1001 1825 Qui
1027 1788 1178 1829 suscepit,
1206 1789 1364 1826 gratiosus

306 1833 430 1872 Fugere
457 1833 660 1869 discordiam,
988 1834 1067 1866 Eius
1092 1836 1283 1878 unigenitus,

258 1882 382 1918 Carnis,
409 1881 519 1911 mundi
544 1889 696 1921 superare
941 1882 1000 1921 Qui
1026 1884 1188 1924 perduxit,
1215 1885 1376 1916 virtuosus

307 1929 349 1959 Et
378 1928 477 1958 hostis
503 1929 668 1960 malitiam.
990 1930 1188 1971 Virtutisque
1211 1933 1355 1972 spiritus,

501 2007 530 2038 7.
558 2006 673 2045 Maria,
700 2006 788 2036 cuius
814 2006 964 2038 lacrimae

600 2053 718 2085 Sordes
744 2058 879 2093 purgant
906 2055 1070 2097 scelerum,

552 2101 696 2132 Electrix
723 2102 823 2140 partis
849 2103 998 2141 optimae,

600 2150 668 2188 Qua
694 2149 762 2180 sine
788 2148 850 2180 fine
876 2149 1002 2190 frueris,

553 2198 602 2229 Ad
631 2202 662 2228 te
683 2197 845 2236 suspirant
872 2199 995 2230 animae

599 2245 684 2277 Reae
711 2245 820 2276 delicti
846 2247 972 2285 veteris,

554 2293 589 2324 Iu
618 2293 695 2324 liora
721 2294 831 2324 mortis
856 2294 986 2325 ultimae

601 2342 658 2374 Pia
683 2350 833 2372 succurre
860 2342 994 2375 miseris.

256 2420 340 2445 ‹li-at.
362 2426 414 2445 ωε.
437 2417 465 2444 S.
489 2417 568 2444 Petri
591 2418 792 2454 Salisburgen.
814 2426 888 2445 saec.
913 2417 956 2445 15.
997 2419 1066 2447 Cod.
1088 2420 1198 2448 Petrin.
1220 2431 1237 2448 a
1259 2423 1300 2449 1V
1321 2421 1358 2451 38
