1651 2680
158 167 191 200 3.
216 163 444 204 Sanctificetur
469 160 584 200 nobile,

265 211 410 249 Salubre,
437 209 620 249 gratiosum,

217 259 356 297 Nomen,
384 265 476 297 quam
503 254 703 291 admirabile,

265 308 363 346 Quam
391 313 510 336 summe
535 302 718 342 gloriosum,

217 355 338 392 Tuum,
365 353 448 392 quod
476 355 523 382 est
548 348 722 386 laudabile,

266 403 349 434 Prae
375 400 497 432 cunetis
522 398 708 430 virtuosum.

165 485 198 517 4.
224 480 388 514 Adveniet
413 483 601 518 perpetuum

270 530 307 561 In
332 537 388 559 nos
414 525 613 566 possessione

221 577 373 618 Reynum
401 574 479 605 caeli
506 572 715 613 praecipuum

272 625 349 656 Cum
376 622 421 653 tui
448 621 567 653 visione

221 673 341 709 Tuum,
370 670 451 709 qnod
479 673 525 699 est
552 665 736 698 mellifluum

268 719 406 751 Manans
432 716 593 748 fruitione.

164 805 197 834 5.
221 799 300 832 Fiat
325 802 429 829 mente
455 797 591 837 gratuita

268 847 311 878 Et
339 844 483 885 diligenti
511 853 585 874 cura

224 895 392 927 Voluntas,
421 901 477 930 per
502 900 594 931 quam
623 890 752 921 condita

270 942 328 973 Est
352 941 453 971 omnis
481 943 638 977 ereatura,

222 989 295 1021 Τυα
324 989 439 1019 decens
465 991 493 1017 et
521 986 618 1026 licita,

270 1038 356 1075 Quae
379 1036 481 1075 legum
509 1038 555 1065 est
583 1041 739 1065 mensura.

165 1115 197 1147 6.
224 1113 313 1146 Sicut
341 1122 373 1143 es
400 1120 457 1152 per
483 1111 651 1141 essentiam

275 1161 383 1193 Omnis
410 1159 480 1190 fons
505 1158 666 1197 bonitatis,

225 1208 271 1240 In
296 1208 381 1240 caclo
409 1207 527 1238 sanctis
553 1206 686 1244 gloriam

274 1255 413 1287 Praei-‚es
441 1254 615 1289 felicitatis,

226 1303 271 1335 Et
294 1304 329 1333 {oi
355 1304 444 1333 terra
471 1303 511 1332 da
537 1300 670 1340 gratiam

271 1351 399 1382 Firmae
426 1349 621 1380 stabilitatis.

171 1429 203 1460 7.
229 1427 357 1458 Panem
383 1426 550 1457 caelestem
575 1422 672 1455 influe

277 1473 377 1505 Nobis
404 1471 667 1505 sacramentalem

227 1522 396 1562 Nostrum,
426 1521 509 1552 dona
531 1517 674 1559 largiflue

279 1569 397 1601 Panem
424 1569 513 1601 verbi
539 1567 720 1606 mentalem,

231 1615 444 1650 cotidianum
471 1615 575 1648 tribue

281 1665 398 1696 Panem
424 1663 634 1696 materialem.

174 1745 207 1776 8.
233 1742 301 1781 Da,
328 1740 425 1772 Deus.
453 1738 636 1776 efficaciter,

281 1789 335 1820 Da
362 1788 466 1820 carnis
493 1787 672 1824 sanitatem,

235 1836 337 1869 Nobis
363 1835 483 1875 praebe
509 1835 688 1874 benigniter

284 1883 403 1915 Mentis
429 1882 708 1922 tranquillitatem,

235 1931 346 1964 Hodie
371 1934 403 1962 et
427 1932 613 1970 perenniter

287 1979 337 2011 Da
364 1979 447 2010 vitae
471 1978 683 2010 sanctitatem.

867 158 899 190 9.
925 156 971 190 Et
995 156 1120 188 dimitte
1143 153 1293 187 fidelibus

975 204 1094 236 Reatus
1120 206 1152 234 et
1176 205 1322 242 peecata,

925 251 1028 284 Nobis
1053 247 1345 292 transgressoribus

976 299 1146 332 Dominica
1170 297 1325 329 mandata

925 346 1048 380 Debita
1071 343 1308 386 paenitentibus

974 394 1114 426 Remitte
1139 393 1336 432 perpetrata.

854 476 908 508 10.
934 474 1057 507 Nostra
1084 471 1223 506 dissolve
1249 469 1383 505 scelera,

981 521 1114 554 Morbos
1140 522 1270 551 cunctos
1296 518 1418 552 averte,

935 570 1026 602 Sicut
1053 569 1110 600 das
1137 570 1251 598 cuncta
1274 571 1418 602 munera,

983 617 1035 649 Sic
1060 626 1117 647 nos
1143 613 1185 646 ad
1211 616 1243 644 te
1269 613 1419 642 converte

934 664 979 697 Et
1004 673 1062 696 nos
1088 659 1229 694 transfer
1254 660 1295 690 ad
1319 657 1432 689 sidera

983 712 1029 744 Te
1055 712 1180 742 visuros
1204 711 1328 749 aperte.

851 794 905 826 11.
932 791 1143 824 Dimittimus
1169 787 1351 821 errantibus

982 839 1141 872 Offensam
1168 840 1199 869 et
1224 842 1397 876 gravamen

933 886 1142 920 Debitoribus
1167 883 1314 916 omnibus

981 936 1172 966 Praestante
1198 936 1229 963 te
1255 931 1414 967 iuvamen,

936 983 1064 1015 Nostris
1090 986 1125 1012 ut
1151 981 1250 1012 dones
1277 977 1437 1010 mentibus

984 1029 1104 1062 Salutis
1134 1028 1342 1060 medicamen.

854 1108 908 1140 12.
934 1106 978 1139 Et
1004 1115 1045 1137 ne
1070 1115 1129 1137 nos
1155 1112 1214 1144 per
1240 1103 1421 1143 contagium

983 1155 1210 1193 Quodcumque
1236 1152 1385 1183 vitiorum

935 1202 1082 1234 Inducas
1109 1201 1142 1232 iot
1171 1200 1343 1238 excidium,

983 1250 1048 1280 Fer
1074 1258 1176 1288 opem,
1204 1257 1262 1279 rex
1288 1247 1462 1284 caelorum,

936 1298 1193 1337 Tenqitaeiovnem
1221 1296 1358 1327 hostiurn

986 1345 1120 1384 Repelle
1148 1344 1368 1384 malignorum.

858 1424 914 1456 13.
940 1422 1004 1454 Sed
1028 1427 1074 1464 tu,
1101 1426 1203 1460 pater,
1232 1429 1291 1460 per
1316 1418 1416 1451 filium

990 1471 1091 1501 lesum
1116 1475 1179 1501 tam
1206 1468 1410 1500 benedictum

941 1517 1062 1550 Libera
1090 1517 1168 1549 dans
1195 1516 1345 1548 auxilium

990 1566 1031 1597 Et
1059 1566 1167 1606 mitiga
1195 1563 1387 1600 conflictum.

940 1613 1010 1645 Nos
1035 1615 1123 1645 salva
1150 1621 1298 1653 premens
1325 1611 1454 1643 noxium

990 1661 1179 1701 Serpentem
1204 1660 1421 1692 maledictum.

868 1739 922 1771 14.
948 1737 980 1770 A
1006 1738 1128 1779 poenis,
1156 1738 1252 1779 Deus,
1280 1737 1408 1777 penitus

998 1787 1063 1817 Nos
1091 1786 1184 1817 stude
1208 1786 1359 1826 liberare,

948 1835 1042 1866 Malo
1069 1835 1224 1874 propulso
1251 1833 1397 1866 funditus

996 1882 1075 1922 Nos,
1102 1882 1239 1920 Christe,
1267 1882 1443 1919 consolare.

946 1928 1052 1961 Amen
1079 1934 1114 1962 ut
1139 1939 1267 1969 semper
1293 1930 1426 1961 caelitus

996 1978 1158 2010 Pessimus
1184 1983 1216 2009 te
1242 1978 1385 2011 laudare.

245 2054 365 2083 Collect.
387 2062 438 2079 ms.
460 2053 761 2080 Benedictoburanum
783 2060 858 2079 saec.
883 2052 925 2080 15.
948 2061 992 2080 ex.
1011 2053 1083 2080 Clm.
1098 2051 1444 2086 Monacen.5005.-1‚
1466 2051 1487 2079 5

168 2093 344 2131 praedictus.
362 2106 391 2110 -
411 2091 436 2125 5,
459 2092 476 2118 ὅ
491 2101 542 2128 per
557 2100 641 2126 quem
658 2092 734 2118 enim
750 2091 876 2118 condita.
892 2106 927 2110 —-
945 2090 970 2124 7,
992 2090 1010 2118 2
1024 2090 1161 2119 Nobilem
1177 2091 1431 2119 sacramentalem.
1448 2105 1486 2110 —

167 2132 218 2166 12,
250 2130 268 2158 5
298 2131 333 2157 Iu
362 2132 593 2166 temptationem.
620 2143 656 2147 —
685 2130 745 2157 Aut'
766 2129 830 2156 dies
857 2129 932 2156 Lied
958 2130 1057 2165 folgen
1084 2129 1275 2157 unmittelbar
1303 2130 1351 2156 die
1380 2130 1488 2157 beiden
1644 2121 1651 2165 ]

168 2168 387 2199 Glossenlieder
408 2170 482 2195 Ave
509 2171 642 2195 nostra
669 2167 816 2195 domina
837 2167 876 2194 de
903 2168 1119 2195 humilitate
1140 2168 1226 2195 Anat.
1248 2168 1342 2199 XXX,
1364 2165 1421 2195 222
1441 2177 1486 2205 sq.

166 2209 226 2237 und
249 2207 358 2236 Salve
387 2206 565 2243 splendor
592 2207 797 2242 praecipue
819 2205 889 2233 ibid.
911 2203 967 2233 292
984 2215 1025 2242 sq.
1067 2207 1140 2234 Dies
1162 2206 1222 2242 legt
1241 2206 1289 2233 die
1303 2207 1489 2243 Vermutung

165 2248 254 2281 nahe,
272 2245 338 2272 dass
357 2245 508 2273 ‹lieselben
527 2245 610 2272 nieht
629 2253 684 2272 nur
706 2252 759 2272 aus
786 2244 895 2271 einei-
916 2245 1038 2278 Quelle,
1061 2245 1190 2273 sondem
1211 2245 1286 2272 auch
1307 2253 1362 2272 aus
1383 2246 1489 2273 einer
1644 2241 1651 2287 1

166 2286 259 2314 Feder
279 2287 436 2318 stammen,
463 2293 510 2310 um
539 2293 571 2311 so
594 2283 681 2316 mehr,
704 2284 748 2310 als
769 2284 812 2309 sie
834 2283 969 2318 gleiehen
990 2284 1054 2310 Bau
1075 2283 1135 2310 und
1156 2283 1271 2318 gleiche
1290 2283 1488 2320 Bohandlung

168 2325 336 2353 aufweisen.
383 2321 466 2350 Doch
493 2324 533 2349 ist
558 2322 606 2349 ‹lie
626 2321 824 2357 Verbreitung
853 2321 903 2349 des
931 2322 1054 2350 zweiten
1078 2321 1186 2350 Liedes
1215 2323 1282 2349 eine
1302 2323 1421 2349 weitere
1442 2321 1489 2350 als

165 2365 215 2392 <lie
233 2363 285 2391 des
305 2363 403 2389 ersten
423 2361 483 2388 und
502 2360 621 2388 dritten.
