1651 2680
689 98 852 133 —225
903 117 945 122 ——

589 193 692 230 Dirige
714 203 759 221 me
780 193 947 221 deviantem

586 231 628 258 Et
648 234 763 268 require
785 241 830 259 me
852 235 1006 265 errantem,

587 270 644 296 Fac
667 272 798 305 quietum
821 279 866 297 me
887 273 1042 305 vagantem

587 309 676 341 Sana,
699 317 811 343 precor,
833 311 1042 344 aegrotantem.

142 362 176 397 8,
194 362 213 390 4
233 366 364 400 teporem
386 364 420 391 A.
442 379 479 383 —
502 362 546 397 10,
569 364 582 392 1
605 366 676 397 Ave,
698 367 794 393 Mater
809 367 841 393 A.
864 380 900 384 —
922 364 950 397 9,
970 364 988 392 4
1003 367 1057 392 Pro
1080 375 1124 392 me
1147 371 1237 394 mater
1260 368 1424 403 interpella.
1439 369 1473 394 A.

146 417 183 423 —
207 400 251 435 10,
273 400 291 429 2
310 402 352 429 Et
371 403 496 430 virtutes
517 412 570 429 vos
591 404 738 430 caelorum
751 405 784 431 Α.
807 418 843 422 -
867 401 909 435 10,
932 401 950 431 3
965 404 1123 431 Dominum
1140 406 1173 432 A.
1195 421 1231 424 —
1256 405 1297 437 10,
1319 406 1337 433 4
1352 407 1408 433 Pro
1428 416 1473 433 me

147 450 263 476 semper
283 443 313 468 et
334 441 369 468 A.
390 456 427 460 —
451 440 501 473 11,
530 439 548 467 2
568 442 609 468 Et
629 442 736 469 chorus
758 444 791 469 A.
813 456 849 460 —
871 442 928 469 Str.
952 440 986 468 12
1008 442 1081 468 fehlt
1101 445 1134 470 A.
1159 458 1191 461 —
1219 443 1266 473 13,
1299 445 1311 470 l
1335 445 1474 480 Princeps

143 479 232 507 Petre
253 481 417 507 ceterorum
438 480 472 507 A.
497 493 530 497 —
558 478 600 511 13,
621 478 638 506 2
655 482 711 515 Qui
734 490 764 507 es
785 478 942 516 clavi[g]er
963 481 1110 507 caelorum
1128 483 1160 508 A.
1185 497 1222 501 —
1247 480 1288 514 13,
1311 480 1328 509 3
1343 484 1401 510 Ora
1422 493 1474 518 pro

145 527 192 546 me
205 519 240 545 A.
261 532 297 537 —
322 515 366 550 13,
387 516 406 544 4
426 520 455 545 te
476 519 576 553 posuit
595 519 627 545 Α.
649 532 683 537 —
700 519 783 545 Nacli
798 517 844 550 22,
866 517 884 545 3
899 518 988 545 noch:
1015 519 1171 553 Ieronyme
1187 524 1214 546 et
1230 520 1365 547 Ambrosi
1381 531 1474 557 gegen

145 556 352 592 Strophenbau
378 556 438 583 und
459 557 542 584 Reim
567 558 598 584 Β.
625 572 662 574 --
684 557 765 584 Nach
788 555 840 588 23,
871 555 888 582 2
910 557 999 583 noch:
1028 557 1100 583 Mihi
1124 560 1188 584 sitis
1210 558 1359 585 adiutores
1382 556 1414 586 B.
1437 574 1472 578 —

140 593 196 628 29,
226 593 246 622 4
270 595 368 622 ducite
397 594 434 622 ad
459 594 568 630 gaudia
590 596 622 622 B.
645 610 680 613 —
702 593 756 627 27,
789 594 801 621 1
825 595 849 622 O
870 604 922 621 vos
945 596 976 621 Β.
1002 610 1035 613 β
1057 594 1109 628 27,
1139 595 1156 623 2
1177 597 1273 623 Vestri
1297 602 1472 624 mementote

142 635 199 661 mei
220 634 254 661 B.

574 727 629 757 177.
673 727 714 757 ne
737 726 884 758 Omnibus
906 726 1039 757 Sanctis.

182 818 213 850 1.
239 817 379 849 Michael
406 827 475 849 curn
503 817 665 849 Gabriele.

293 866 375 898 caeli
401 866 486 897 cives
512 866 626 898 incliti.

242 914 303 953 Qui
327 914 442 946 astatis
468 923 574 945 coram
603 914 670 945 Deo

287 961 436 994 laudibus
463 962 594 1000 assidui,

241 1010 459 1043 Proclamate:
492 1010 629 1052 „Sancte
656 1010 752 1047 Deus,

290 1067 387 1098 parce
413 1062 467 1090 tuo
493 1056 664 1098 supplici.“

182 1156 214 1189 2.
242 1155 279 1186 In
307 1155 446 1186 Iordane
472 1155 526 1194 qui
552 1155 675 1186 tinxisti

289 1212 403 1244 agnum
430 1203 499 1234 sine
524 1203 658 1234 macula.

241 1251 313 1282 Non
339 1254 374 1282 ut
399 1260 466 1291 sua,
494 1251 550 1282 sed
577 1255 611 1282 ut
638 1254 746 1282 nostra

286 1299 487 1330 solverentur
513 1299 657 1330 crimina.

240 1347 298 1388 Tu,
327 1347 495 1384 Iohannes,
523 1351 577 1379 tua
604 1356 699 1387 prece

290 1395 389 1427 reduc
414 1404 464 1426 me
490 1396 532 1427 ad
559 1404 686 1435 supera.

183 1492 216 1523 3.
243 1492 348 1533 Petre,
375 1496 498 1531 pastor,
526 1492 575 1523 cui
601 1493 767 1532 praecepit

289 1540 434 1574 Christus
461 1549 536 1571 oves
562 1549 705 1582 pascere,

241 1589 338 1628 Quem
372 1589 413 1620 ad
446 1597 555 1620 vocem
582 1593 630 1619 ter
655 1589 779 1628 negasti

288 1637 381 1668 unius
409 1637 590 1677 ancillulae,

241 1685 341 1717 Parce
367 1685 456 1727 mihi,
483 1689 517 1715 ut
544 1694 602 1724 per
628 1685 753 1724 culpam

290 1733 434 1766 didicisti
458 1741 602 1773 parcere.

181 1832 215 1862 4.
243 1830 342 1862 Paule
368 1829 492 1869 doctor,
519 1832 656 1860 mentem
675 1837 777 1860 meam

288 1883 323 1910 tu
349 1877 505 1910 doctrinis
530 1877 665 1914 instrue,

241 1926 363 1966 Quibus
389 1926 470 1958 iram
498 1925 558 1957 Dei
585 1925 646 1955 mei

287 1975 410 2007 valeam
438 1974 576 2006 evadere

241 2023 283 2055 Et
311 2024 351 2055 de
378 2022 481 2062 culpis
507 2022 549 2054 ad
576 2022 726 2053 virtutem

289 2071 353 2103 cito
380 2079 492 2111 queam
521 2078 661 2102 currere.

175 2170 209 2200 5.
238 2168 314 2200 Iesu
343 2167 465 2200 Christi
492 2166 679 2204 coheredes,

290 2215 390 2247 ceteri
415 2215 565 2256 apostoli,

241 2265 337 2297 Illum
363 2273 423 2304 pro
448 2272 498 2295 me
524 2262 706 2302 supplicate

287 2321 366 2344 voce
391 2311 592 2349 consolabili,

241 2362 310 2401 Quo
335 2360 476 2401 pellatur
501 2368 520 2392 a
546 2368 596 2390 rne
623 2357 735 2389 mortis

288 2408 428 2441 formido
452 2407 600 2449 periculi.

197 2469 340 2496 Dreves,
364 2467 413 2490 Pia
429 2466 595 2490 Dictamina.
631 2463 688 2487 VII.

877 821 906 851 ti,
936 818 1142 856 Innocentes,
1179 819 1232 858 qui
1259 828 1317 858 pro
1344 818 1472 851 Christo

985 867 1067 896 inter
1094 871 1231 898 matrum
1259 867 1358 898 ubera

935 914 985 944 Ab
1012 914 1143 946 Herode
1168 915 1255 946 necis
1284 915 1354 946 dira

983 963 1168 1001 suscepistis
1197 963 1338 1004 vulnera,

937 1009 999 1040 l'er
1026 1010 1104 1040 haec
1130 1011 1161 1041 in
1189 1020 1237 1041 me
1263 1010 1402 1042 abluatis

982 1058 1140 1088 scelerum
1167 1059 1325 1098 contagia.

878 1155 907 1186 7.
936 1153 1085 1185 Gloriose
1112 1153 1170 1185 Dei
1199 1163 1300 1186 serve.

982 1206 1201 1242 protomartyr
1227 1202 1399 1241 Stephane,

932 1250 991 1290 Qui
1019 1250 1141 1288 primus
1168 1250 1297 1281 haberis
1323 1259 1414 1281 sacro

982 1302 1157 1337 martyrum
1184 1299 1215 1329 in
1243 1298 1368 1338 ordine,

934 1346 988 1377 Me
1023 1355 1081 1384 per
1113 1355 1225 1386 preces
1252 1350 1322 1377 tuas
1348 1351 1471 1378 turmae

982 1395 1065 1425 socia
1094 1395 1287 1434 caeligenae.

876 1491 906 1523 8.
936 1490 961 1522 Ο
989 1489 1112 1521 makari
1136 1491 1283 1530 Dionysi,

982 1548 1051 1569 mea
1080 1538 1151 1570 dele
1177 1540 1310 1570 scelera.

933 1587 993 1626 Qui
1020 1586 1219 1619 Francorum
1246 1587 1316 1618 Deo
1343 1587 1426 1618 colla

982 1635 1159 1675 subiugasti
1186 1636 1327 1676 pinguia,

934 1683 1059 1714 Dehinc
1083 1684 1180 1715 rubro
1207 1693 1280 1715 rore
1306 1685 1424 1715 tinctus

982 1734 1158 1770 penetrasti
1187 1732 1329 1764 aethera.

875 1830 907 1861 9.
935 1828 1055 1859 Christi
1082 1829 1190 1868 piscis,
1218 1840 1236 1859 o
1264 1828 1429 1869 Laurenti,

982 1879 1012 1906 te
1037 1885 1120 1906 nunc
1147 1877 1283 1917 supplex
1312 1877 1404 1912 adeo,

932 1925 1031 1964 Quem
1059 1925 1179 1956 assavit
1207 1925 1351 1957 Daciana

982 1972 1109 2003 fervens
1136 1974 1328 2013 persecutio,

936 2020 977 2053 Ut
1004 2020 1044 2051 ab
1071 2022 1156 2052 omni
1183 2021 1334 2053 vitiorum

981 2077 1030 2099 me
1056 2070 1190 2101 mundes
1218 2070 1375 2110 contagio.

854 2165 907 2198 10.
937 2165 1044 2197 Fortis
1072 2173 1194 2196 mecum
1220 2170 1280 2205 sta,
1309 2167 1471 2206 Vincenti,

984 2217 1095 2245 contra
1121 2217 1242 2245 trucem
1271 2215 1423 2256 viperam,

938 2262 981 2294 Ut
1007 2261 1067 2292 hac
1093 2261 1159 2293 vita
1185 2266 1216 2293 te
1242 2263 1373 2295 iuvante

985 2318 1163 2348 consequar
1188 2311 1356 2343 victoriam

935 2358 977 2389 Et
1004 2358 1036 2389 in
1063 2359 1159 2390 caelis
1185 2364 1412 2400 praeparatam

985 2405 1160 2439 victoribus
1186 2407 1332 2448 gloriam.

1267 2464 1300 2492 15
