1651 2680
722 90 978 125 —112-

211 189 242 219 5.
269 187 344 226 Quis
370 194 444 226 ergo
471 186 565 226 digne
591 187 735 223 miretur,

267 234 344 266 Cum
371 233 429 264 hoc
454 242 578 265 sacrum
603 235 794 273 celebretur,

318 284 414 315 Posse
440 290 626 321 quemquam
653 282 790 322 operari,

314 329 404 368 Quod
429 338 488 360 nec
514 330 597 360 valet
626 329 778 370 cogitari3

272 378 377 409 Vincit
402 377 481 408 enim
509 387 630 408 omnem
659 385 782 409 sensum

270 426 332 456 Per
358 425 541 464 mysterium
568 426 752 456 immensum

364 473 425 505 Illa
450 473 538 512 pacis
565 474 679 505 hostia.

919 190 950 220 6.

977 187 1042 219 Res
1067 187 1163 227 plena
1187 197 1329 220 summae
1355 185 1483 219 virtutis

974 235 1036 267 Est
1061 235 1248 275 mysterium
1273 235 1398 274 salutis,

1026 282 1077 315 lbi
1102 283 1232 314 nuntius
1258 283 1406 315 caelestis

1025 330 1084 362 Est
1109 329 1239 362 adiutor
1263 334 1360 370 atque
1384 327 1476 361 testis

977 377 1018 409 Et
1047 377 1198 409 sacerdos
1224 379 1294 418 ipse
1318 377 1415 418 Deus,

978 425 1070 456 Licet
1095 425 1137 455 sit
1163 425 1309 456 minister
1334 434 1407 456 reus

1075 471 1217 512 Implens
1244 472 1432 504 ministeria.

270 568 350 594 Orat.
372 576 423 592 ωε.
449 567 589 593 Iohannis
610 568 645 594 de
667 567 821 601 Loprzticz
845 575 920 593 saec.
944 565 987 594 15.
1029 565 1098 594 Cod.
1120 566 1293 593 Altovaden.
1315 564 1361 593 90.

641 697 679 727 71.
724 697 765 726 De
788 696 921 736 Corpore
943 696 1069 728 Christi.

212 788 243 820 1.
270 787 318 818 Tu
344 786 492 818 sacerdos
518 787 682 818 altissime.

270 833 418 866 Pontifex
445 843 568 873 quoque
594 835 741 870 maxime,

272 884 373 914 Homo
400 882 486 912 Deus
512 882 704 918 verissimus,

271 930 389 962 Terrae
417 930 558 968 caelique
583 930 748 961 DominuS.

217 1027 249 1058 2.
278 1028 314 1058 ln
341 1025 420 1057 caeli
447 1034 582 1064 regnans
609 1025 745 1056 culmine

275 1074 376 1112 Caput
403 1077 432 1103 et
460 1073 609 1112 princeps
636 1072 785 1113 maxime,

275 1122 371 1152 Pater
397 1124 427 1150 ct
454 1119 556 1151 frater
581 1121 707 1160 generis

274 1168 394 1208 Nostri,
423 1168 501 1198 dans
528 1168 623 1199 vitam
648 1168 791 1199 mortuis.

215 1265 247 1296 3.
275 1264 323 1295 Tu
350 1263 421 1294 viva
447 1263 576 1302 placens
602 1263 717 1303 hostia,

274 1311 491 1351 immaculata,
519 1311 648 1349 placita,

276 1358 422 1391 Perfecta
449 1358 516 1388 sine
542 1359 675 1398 macula,

274 1406 458 1444 Verissima,
487 1405 621 1438 vivifica.

214 1503 246 1533 4.
275 1502 337 1533 Pro
363 1500 427 1532 vita
453 1500 553 1531 nostri
579 1501 702 1540 generis

273 1548 406 1580 Oblatus
432 1548 534 1578 crucis
558 1548 695 1579 brachiis

272 1598 412 1627 Aeterno
438 1596 522 1634 patri
548 1596 699 1626 luminum

272 1643 340 1674 Nos
365 1652 479 1683 pascas
503 1643 536 1674 in
561 1648 761 1683 perpetuum.
800 1686 804 1690 ‚

217 1740 250 1771 5.
277 1739 330 1770 Ad
357 1738 458 1770 crucis
484 1743 518 1769 tu
543 1738 719 1778 patibulum

273 1787 363 1818 Patri
392 1785 496 1816 fecisti
520 1786 672 1828 debitum,

272 1835 314 1866 Et
339 1834 412 1866 ideo
438 1843 507 1864 cum
535 1834 635 1874 gloria

274 1882 318 1913 Es
344 1881 502 1913 exaltatus
528 1882 674 1913 maxima.

924 788 955 818 6.

901 1740 955 1771 10.

984 786 1135 819 Caritatis
1161 787 1313 818 indicium

983 836 1067 866 Ante
1094 834 1198 865 crucis
1224 835 1416 874 supplicium

982 882 1199 920 Monstrabas‚
1227 884 1311 923 lesu,
1338 881 1463 914 miseris

983 930 1028 961 Te
1056 929 1162 961 dando
1190 930 1294 962 cibum
1320 929 1464 962 mortuiS.

954 1053 960 1059 .
988 1026 1081 1057 Dono
1109 1026 1213 1057 carnis
1239 1030 1269 1057 et
1296 1025 1458 1066 sanguinis

987 1074 1079 1105 Salus
1106 1082 1139 1104 es
1166 1072 1270 1104 faetus
1298 1074 1433 1114 miseriS,

987 1121 1154 1154 conclusis
1181 1121 1371 1159 benedictio,

984 1168 1158 1200 Exsulibus
1184 1169 1339 1201 reductio.

949 1291 955 1297 .
983 1264 1052 1295 Hoc
1078 1273 1128 1294 me
1154 1264 1225 1295 cibo
1252 1265 1412 1297 custodias

982 1312 1025 1342 Et
1050 1312 1233 1351 benedicas,
1260 1317 1410 1353 protegas

983 1359 1034 1390 Ab
1060 1359 1206 1390 omnibus
1232 1361 1383 1399 periculis

981 1407 1023 1437 Et
1050 1407 1174 1438 animae
1200 1411 1231 1438 et
1257 1409 1410 1447 corporis.

948 1527 954 1533 .
982 1501 1043 1533 Per
1069 1501 1161 1542 hunc,
1190 1503 1261 1534 Iesu
1289 1503 1482 1538 dulcissime,

981 1549 1034 1580 Me
1061 1547 1112 1580 fac
1138 1555 1315 1581 consortem
1343 1551 1476 1592 gratiae,

984 1597 1044 1628 Per
1070 1597 1153 1628 hunc
1178 1598 1210 1629 in
1237 1602 1290 1629 tuo
1317 1599 1435 1631 lumine

983 1644 1037 1676 Me
1063 1643 1115 1675 fac
1141 1651 1319 1677 consortem
1345 1647 1477 1687 gloriae.

983 1739 1056 1771 Tibi
1082 1749 1140 1779 pro
1167 1741 1250 1772 dono
1274 1743 1412 1774 maximo

984 1787 1031 1819 Sit
1057 1788 1230 1828 gratiarum
1258 1790 1353 1828 actio,

982 1836 1077 1874 Laus⁷
1102 1836 1214 1879 virtus,
1241 1837 1398 1875 iubilatio,

983 1886 1123 1915 Aeterna
1150 1885 1308 1924 gloriatio.

275 1977 356 2004 Orat.
378 1984 430 2002 ms,
444 1975 630 2010 Pollingense
654 1976 724 2002 anni
748 1973 829 2002 1505.
867 1976 938 2003 Clm.
955 1977 1108 2004 Monacen.
1130 1977 1238 2006 11922.
1258 1995 1295 1999 —
1311 1979 1338 2012 2,
1359 1979 1377 2008 2
1392 1984 1421 2009 et
1434 1981 1516 2009 fehlt.

201 2030 236 2034 —
258 2013 284 2046 3,
306 2013 323 2041 2
346 2013 470 2050 placida.
493 2028 529 2031 —
557 2013 582 2047 4,
606 2012 623 2040 3
644 2014 773 2040 luminis.
802 2027 838 2031 ——
865 2013 892 2047 4,
915 2014 933 2041 4
954 2024 1049 2050 pat-as.
1074 2032 1108 2035 —
1131 2015 1156 2046 7,
1181 2016 1194 2043 1
1218 2018 1303 2046 Dono
1325 2021 1457 2055 corporis
1479 2024 1515 2048 et.

645 2146 689 2175 72.
730 2144 772 2175 De
795 2144 928 2186 corpore
950 2147 1074 2179 Christi.

212 2237 243 2270 1.
270 2235 363 2268 Nunc
388 2236 505 2266 amoris
530 2235 651 2267 indicia

273 2283 391 2316 Christi
417 2292 591 2324 pangamus
617 2284 738 2324 inclita,

271 2332 340 2371 Quo
365 2331 412 2363 sic
436 2340 471 2362 se
495 2332 599 2372 ipsum
623 2330 758 2364 tradidit

271 2380 308 2412 111
334 2379 437 2411 cibum
464 2389 522 2420 pro
548 2379 714 2412 famelicis.

924 2239 954 2271 2.

982 2238 1060 2278 Tua,
1087 2239 1170 2279 Iesu,
1197 2244 1369 2281 praeconia

981 2286 1023 2318 Et
1050 2286 1193 2318 inaudita
1221 2298 1351 2322 munera

981 2334 1108 2366 Affectu
1131 2343 1260 2376 semper
1288 2338 1398 2371 debito

980 2381 1031 2414 Da
1053 2391 1199 2423 promere
1225 2393 1294 2417 cum
1320 2386 1431 2420 iubilo.
