1651 2680
679 76 938 111 —238-

496 174 526 205 3.
555 172 603 204 Sit
627 173 811 213 angelorum
835 172 972 204 Domino

555 220 649 257 Laus,
676 221 777 252 honor
801 219 870 252 sine
893 220 1041 262 termino,

554 267 613 306 Qui
641 268 706 299 suis
731 268 764 299 in
790 268 981 302 caelestibus

553 315 618 347 Nos
645 315 745 347 societ
762 315 938 356 spiritibus.

668 401 728 434 Ad
761 402 961 435 Tertiam.

165 464 195 495 1.
223 463 247 495 O
275 464 438 503 principes
464 465 611 505 angelici,
850 466 882 498 2.
909 466 1023 496 Portas
1048 468 1174 497 vestras
1198 464 1348 505 attollite,

225 510 329 543 Creati
361 513 443 552 regis
471 512 582 544 caelici
911 511 967 545 Pie
991 512 1082 544 nobis
1109 512 1277 554 occurrite,

222 559 274 590 Ad
298 559 579 600 contemplandam
608 561 745 599 speciem
909 562 947 592 In
970 565 1108 591 montem
1134 559 1215 591 ferte
1241 558 1371 591 Domini

223 607 362 647 Eiusque
389 617 500 647 puram
530 607 645 639 faciem
910 607 988 639 Eius
1013 607 1189 647 psallentes
1214 606 1343 640 nomini.

552 677 582 707 3.
611 674 657 705 Sit
684 675 868 713 angelorum
894 674 1041 707 Domino.

671 760 731 791 Ad
768 760 947 792 Sextani.

185 848 192 855 .
220 822 245 853 ‹T›
270 822 356 853 Deus
384 822 582 853 exercituum
850 823 879 854 2.
909 822 986 860 Nos,
1012 829 1212 862 quaesumuS‚
1239 820 1403 852 custodiat

221 869 412 902 Caelestium
440 870 620 910 spirituum,
909 870 958 901 Ac
982 869 1179 900 incessanter
1204 869 1325 900 muniat

223 918 258 947 In
285 918 410 948 thronis
438 918 518 948 caeli
547 917 689 948 residens
910 917 1017 948 Virtus
1042 916 1101 948 tibi
1126 917 1298 948 astantium

224 965 417 1004 Cunctisque
442 965 523 996 mire
548 965 747 1005 praesidens,
909 966 937 996 A
963 965 1036 996 telis
1060 964 1311 1005 malignantium.

553 1034 583 1064 3.
611 1032 657 1063 Sit
685 1032 867 1071 angelorum
895 1031 1043 1064 Domino.

676 1117 735 1149 Ad
771 1118 937 1150 Nonam.

184 1205 190 1211 .
219 1179 372 1211 Caelestis
400 1179 486 1220 regis
513 1180 685 1220 principes,
847 1181 878 1212 2.
906 1180 1067 1218 Tersoque
1093 1180 1206 1210 mentis
1233 1178 1343 1210 nubilo

220 1227 316 1258 Cuius
341 1231 373 1257 ut
400 1237 456 1258 nos
485 1227 660 1267 participes
908 1226 1077 1258 Vobiscum
1106 1227 1207 1258 dulcis
1233 1226 1336 1258 iubilo

219 1274 321 1305 Simus
349 1283 418 1305 cum
443 1275 526 1306 caeli
555 1274 687 1313 civibus,
906 1274 972 1305 Nos
999 1274 1066 1305 Deo
1093 1275 1288 1306 exercituum

221 1322 341 1353 Vestris
367 1323 475 1353 iuvate
503 1321 664 1362 precibus,
907 1321 1085 1354 Psallamus
1111 1322 1143 1353 in
1168 1327 1372 1361 perpetuum.

549 1390 578 1421 3
608 1388 654 1419 Sit
681 1388 863 1429 angelorum
891 1388 1038 1420 Domino.

645 1475 704 1505 Ad
741 1474 965 1513 Vesperas.

185 1566 192 1572 .
219 1540 365 1572 Summae
395 1540 478 1572 Deus
506 1541 677 1581 potentiae,
847 1542 877 1574 3,
905 1540 971 1572 Nos
999 1540 1192 1572 consolando
1217 1540 1359 1583 visitent,

220 1589 279 1626 Qui
303 1588 433 1619 ordines
460 1588 637 1619 ierachicos
906 1589 1058 1629 Purgent,
1085 1587 1291 1627 inflamment,
1317 1588 1464 1629 doceant,

220 1636 345 1667 Virtute
373 1636 550 1675 sapientiae
905 1636 956 1668 Ad
983 1636 1065 1667 bona
1092 1645 1219 1676 semper
1244 1636 1389 1675 incitent,

220 1683 303 1714 Mire
332 1683 499 1724 distinguis
527 1683 671 1722 caelicos,
907 1684 977 1715 Vim
1005 1684 1191 1715 daemonum
1219 1688 1388 1716 coerceant

162 1759 194 1782 ·.
223 1751 394 1782 Precamur
420 1755 450 1781 te
476 1750 675 1789 suppliciter,
849 1752 880 1782 4.
907 1751 1103 1791 Dei-otisque
1129 1751 1349 1792 congaudeant

220 1798 288 1829 Hos
315 1796 500 1830 defensores
526 1799 636 1837 dirige,
905 1800 955 1830 Ac
980 1799 1129 1830 roborent
1156 1799 1338 1841 virtutibus,

216 1845 316 1877 Nobis
342 1854 400 1885 per
427 1855 506 1886 quos
534 1845 686 1877 fertiliter
910 1847 951 1880 Ut
975 1846 1006 1877 hi
1033 1847 1175 1886 ipsorum
1203 1848 1385 1887 compleant

219 1893 337 1925 Salutis
365 1894 447 1925 dona
475 1895 614 1933 porrige.
906 1894 1058 1928 Cohortes
1084 1894 1115 1925 in
1144 1895 1345 1928 caelestibus,

550 1965 579 1993 5.
606 1961 689 1992 Laus
715 1960 783 2002 tibi,
810 1960 906 2000 Deus,
934 1961 1071 2001 penitus.

587 2048 646 2078 Ad
683 2047 1025 2086 Completorium.

184 2135 190 2141 .
219 2106 271 2151 [Ο]
299 2109 481 2148 angelorum
511 2110 625 2149 gloria,
850 2112 881 2143 2.
909 2110 1001 2142 Nunc
1026 2110 1144 2142 munda
1169 2110 1276 2142 cordis
1304 2110 1416 2150 aciem,

217 2157 284 2189 Fac
308 2157 419 2188 horum
448 2167 506 2189 nos
532 2157 679 2188 custodia
907 2158 951 2191 Ut
977 2156 1059 2189 facie
1083 2158 1124 2190 ad
1152 2157 1265 2190 faciem

219 2204 350 2244 Semper
375 2208 511 2244 peccata
537 2204 647 2246 fugere
908 2206 954 2238 Te
979 2206 1230 2245 contemplemur
1257 2206 1397 2238 dulciter

218 2252 411 2292 Hostemque
437 2262 567 2285 saevum
595 2253 732 2287 vincere.
909 2254 986 2286 Cum
1013 2254 1134 2294 angelis
1161 2255 1356 2294 perenniter.

548 2318 580 2349 3.
607 2315 656 2347 Sit
681 2316 866 2356 angelorum
891 2317 1040 2350 Domino.

223 2381 302 2404 urat.
324 2385 379 2404 ms.
402 2377 498 2404 Vallis
521 2378 641 2405 lot-,osae
663 2375 704 2413 [Ῥ]
725 2386 800 2405 saec.
825 2376 868 2405 15.
910 2377 979 2405 cod.
1000 2378 1147 2406 Labacen.
1169 2377 1216 2405 45.
