1651 2680
221 192 276 225 19.

220 1127 274 1159 21.

220 1590 238 1620 to

244 1590 262 1620 [v

1234 55 1468 86 '“‘'f·²›!''²·5?³”*t

737 92 999 127 —322—

303 191 394 224 Alias
421 190 557 222 evellere

351 239 434 272 Cura
459 239 558 270 malas
585 238 710 278 herbaS,

303 287 403 320 Stude
430 287 487 318 sed
513 287 665 327 inserere,

351 336 394 368 Ut
420 338 544 374 tempus
570 344 632 366 non
658 335 788 375 perdas,

303 384 407 415 Bonas
433 383 548 414 herbas
574 383 700 422 iugiter,

352 432 395 464 Ut
420 440 531 470 pacem
557 431 713 470 acquiras

303 479 462 511 Gaudium
489 479 672 518 perenniter

351 527 503 567 Spiritale
530 527 629 559 bibas,

307 661 395 692 Tunc
422 660 509 690 Iesus
536 658 615 690 bene
640 659 746 690 aderit

355 709 397 740 Et
423 707 547 737 hortum
575 707 701 747 rigabit,

306 757 455 794 Odorque
481 754 678 790 diffunditur,

354 803 491 835 Multum
519 801 655 832 fructum
684 802 773 833 dabit

305 853 410 890 Atque
437 850 550 880 bouum
576 850 724 891 animum,

353 897 527 930 Iucundum
554 898 622 928 sine
647 907 735 928 mora

305 946 547 984 I'raemiumque
574 946 753 982 maximum.

355 994 430 1025 Cum
466 992 580 1023 transit
606 993 716 1024 mortis
744 993 832 1026 hora.

302 1127 352 1158 Ex
381 1135 442 1165 quo
470 1126 661 1157 viridescere

349 1176 434 1206 Istae
460 1173 578 1205 herbae
604 1173 731 1212 debent,

302 1222 434 1253 Florere
460 1222 517 1252 sed
543 1226 573 1252 et
601 1230 753 1262 crescere,

349 1269 465 1307 Malae,
493 1278 531 1300 ne
557 1269 613 1299 has
639 1269 778 1307 laedant,

302 1317 490 1348 Evellantur
516 1317 641 1355 penitus

350 1364 514 1395 Radicitus
540 1374 558 1394 a
584 1363 695 1404 fundo,

302 1411 492 1443 Abitriantur
517 1411 640 1450 longius

351 1458 462 1490 Cordis
490 1459 529 1489 de
554 1458 727 1498 profundo.

244 1597 274 1620 ·.
302 1586 477 1619 Maledicta
502 1587 631 1618 nimium

347 1634 456 1666 Herba
482 1643 652 1673 venenosa,

299 1682 488 1714 Insidiatrix
514 1682 687 1721 hominum,

349 1730 429 1761 Tota
455 1730 625 1770 maculosa,

302 1778 397 1810 Cuius
424 1785 529 1808 semen
554 1778 691 1809 mittitur

349 1823 469 1858 Inferni
497 1826 536 1856 de
561 1824 733 1864 profundo⁷

302 1873 418 1904 Mentis
445 1876 548 1903 tumor
574 1873 701 1912 dicitur,

350 1921 420 1952 Non
456 1920 546 1959 peior
571 1925 617 1952 est
643 1921 674 1952 in
701 1922 829 1954 mundo.

299 2051 369 2083 Hoc
395 2059 500 2081 semen
527 2050 624 2081 mittit
649 2048 791 2089 Lucifer,

348 2098 445 2130 Dives
470 2098 556 2139 inde,
583 2106 706 2138 pauper

300 2146 400 2178 Sumit
426 2146 534 2187 gratis,
563 2147 708 2186 nequiter

346 2193 466 2225 Malum
493 2194 567 2225 hinc
592 2194 667 2225 inde
692 2202 829 2236 semper,

299 2242 408 2274 Oritur
432 2242 618 2281 saepissime

347 2289 463 2321 Messis
489 2294 582 2329 atque
607 2293 718 2330 pastus

299 2338 427 2369 Herbae
452 2338 669 2369 amarissimae

346 2387 395 2418 Ac
421 2385 522 2417 elatus
548 2384 661 2417 fastus.

909 192 965 224 24.

910 662 965 692 25.

903 1590 957 1623 27.

901 2054 954 2085 28.

992 189 1149 224 scindunt
1175 192 1281 221 vestes
1302 190 1440 230 turpiter

1039 237 1115 270 Cum
1143 238 1228 270 elata
1253 240 1368 280 mente,

990 286 1093 318 Donis
1116 286 1176 317 Dei
1203 285 1350 326 nequiter

1040 335 1183 368 Utuntur
1210 335 1290 365 dura
1317 332 1432 376 fronte,

991 382 1082 421 Quod
1109 387 1239 422 portant
1263 391 1340 414 oves
1365 382 1482 422 iugiter

1039 430 1116 462 Cum
1143 430 1331 472 humilitate,

989 478 1060 510 Hoc
1085 482 1210 518 gestant
1237 478 1268 509 hi
1294 478 1432 509 inaniter

1040 526 1198 566 Pompose
1224 531 1254 557 et
1281 526 1374 558 elate.

994 661 1078 691 Hinc
1105 660 1190 691 venit
1216 659 1346 701 praeda,
1375 660 1489 703 rabies,

1039 708 1173 738 Furtum
1201 712 1232 738 et
1257 717 1363 750 usura,

991 755 1104 794 Furor,
1133 755 1236 795 dolus,
1263 756 1378 797 sanies,

1039 803 1217 842 Pauperum
1243 812 1406 844 pressura,

990 851 1156 892 Occidunt,
1185 851 1379 883 adulterium

1037 899 1246 930 Committunt
1270 900 1359 930 multi
1387 900 1484 939 indeg

989 946 1014 978 O
1042 946 1138 985 Deus,
1167 947 1207 978 da
1233 947 1419 988 remedium,

1037 994 1085 1025 Ne
1111 1003 1278 1033 pereamus
1304 996 1390 1027 inde.

941 1130 958 1158 “.
987 1127 1138 1159 Vindicta
1164 1129 1248 1159 iusta
1272 1129 1415 1169 graviter

1035 1176 1170 1207 Videtur
1195 1176 1370 1214 imminere,

986 1223 1149 1262 Apparuit
1175 1225 1338 1266 atrociter,

1034 1271 1069 1301 ln
1095 1276 1245 1310 promptu
1271 1276 1318 1303 est
1345 1273 1466 1314 videre,

985 1318 1067 1357 Quid
1094 1319 1226 1361 proelia,
1256 1320 1333 1359 quid
1361 1320 1477 1360 rabies,

1034 1366 1116 1404 Quid
1144 1366 1254 1407 fames,
1283 1368 1359 1407 quid
1385 1369 1497 1401 ruinae

986 1413 1109 1452 Quidve
1135 1415 1246 1446 mortis
1272 1417 1389 1458 sanies,

1036 1462 1120 1499 Quid
1147 1461 1284 1493 fecerint
1310 1468 1340 1494 et
1367 1465 1481 1497 minae.

986 1590 1206 1630 Tempestates
1235 1593 1330 1623 etiam

1034 1638 1170 1678 Aliaque
1194 1640 1285 1679 signa

986 1685 1155 1717 Hominum
1183 1688 1306 1719 malitia

1033 1733 1167 1765 Feriunt
1190 1739 1224 1766 ut
1251 1736 1366 1775 digna3

986 1782 1172 1820 Propterea,
1201 1784 1368 1826 carissimi,

1031 1830 1103 1861 Non
1130 1831 1269 1870 segniter
1295 1841 1353 1863 nec
1379 1833 1476 1873 lente,

985 1876 1157 1916 Surgamus
1185 1879 1375 1912 velocissimi

1032 1926 1076 1956 Et
1101 1926 1266 1965 vigilemus
1293 1934 1407 1961 mente.

983 2054 1017 2086 Si
1043 2055 1275 2088 studiosissime

1030 2102 1136 2134 Malas
1163 2105 1331 2137 eradamus

982 2150 1121 2191 Herbas,
1149 2154 1224 2183 tunc
1250 2155 1447 2198 saepissime,

1032 2198 1076 2231 Ut
1103 2203 1149 2230 est
1176 2204 1208 2231 et
1233 2211 1409 2244 speramus,

983 2245 1088 2277 Iesum
1114 2246 1206 2280 horto
1233 2251 1386 2292 capimus,

1031 2293 1116 2325 Hinc
1142 2295 1218 2327 inde
1243 2299 1414 2341 spatiatur,

983 2341 1088 2381 Eique
1113 2352 1220 2376 sumus
1245 2346 1415 2386 thalamus

1030 2390 1198 2432 Audimus,
1225 2394 1302 2433 quid
1327 2395 1490 2436 loquatur.
