1651 2680
663 81 830 118 —1340
879 102 923 106 —

214 177 372 204 Collectan.
395 186 446 203 ms.
468 178 497 206 S.
519 178 661 205 Orrientii
681 177 823 205 Auxitani
845 185 920 204 saec.
944 175 988 205 12.
1029 177 1099 205 Cod.
1121 177 1245 206 Pau-isin.
1266 177 1362 204 Nouv.
1385 184 1450 212 aeq.

134 213 202 242 4⁵6.
231 215 297 241 add.
323 224 399 241 saec.
429 213 501 243 ¹²lis.
529 230 563 234 —
591 214 623 248 2,
651 215 667 242 6
695 216 840 244 almificus
867 224 960 252 gegen
985 215 1043 244 den
1061 217 1156 244 Reim.
1174 229 1212 234 —
1232 213 1264 248 3,
1290 213 1311 242 4
1329 223 1396 242 uus.
1415 228 1453 233 —

135 252 168 282 9,
197 251 214 279 5
236 253 292 280 Sed
321 253 400 280 fehlt.
422 268 459 272 —
482 252 532 286 14,
560 253 578 280 4
598 254 777 291 Angelorum
806 254 886 282 fehlt.
909 270 946 274 —
968 252 1016 287 16,
1043 252 1061 282 3
1081 255 1159 282 hunc
1179 263 1305 281 carnem.
1328 267 1364 273 —
1384 253 1454 280 Auf-

138 291 255 318 schrift:
281 293 406 327 „Incipit
426 293 550 328 hymnus
571 293 617 319 vel
640 294 734 320 oratio
750 294 949 328 conspicui
968 293 1088 329 patris
1101 292 1286 321 Amandi.⁶‘
1322 291 1452 324 Cheval.‚

137 331 246 364 Repert
272 330 399 365 liymnol.
414 331 464 358 Nr.
483 329 587 362 14524,
608 330 706 358 macht
719 331 826 359 daraus
841 332 927 358 einen
941 333 1076 367 Hymnus
1090 333 1157 360 aus
1167 331 1224 358 den
1238 331 1277 358 hl.
1292 330 1452 358 Amandus.

137 368 208 394 lVer
238 368 333 396 dieser
364 371 539 405 conspicuus
566 373 649 405 pater
675 370 825 398 Amandus
852 371 906 404 ist,
935 370 1029 398 bleibt
1055 370 1207 407 ungewisS.
1249 371 1304 396 Am
1332 368 1453 396 ehesten

138 407 248 433 konnte
270 416 337 434 man
359 415 395 434 an
418 408 531 435 Amand
553 408 591 435 du
614 408 718 435 Chatel
739 408 863 436 denken.

555 606 623 637 306.
664 606 812 638 Planctus
832 606 1037 639 Paenitentis.

152 723 183 756 1.
209 723 392 755 Memorans
416 724 599 765 novissima,

258 772 399 810 cogitans
426 771 542 811 futura,

212 818 309 856 Quam
337 819 479 856 horrida,
505 829 599 858 quam
625 828 742 860 aspera

257 867 297 897 sit
323 868 434 897 mortis
453 868 531 899 hora
558 868 648 911 dura,

211 914 299 953 Quod
326 915 498 946 secundum
526 917 639 947 merita

257 968 327 1001 post
356 967 489 994 mortem
516 964 685 996 redditura

212 1009 257 1040 Sit
285 1010 375 1041 iustis
402 1010 504 1042 letitia

258 1061 289 1088 et
316 1058 462 1096 reprobis
483 1062 615 1090 tortura.

149 1162 181 1193 2.
210 1161 297 1192 Haec
322 1162 353 1192 in
381 1163 478 1193 corde
505 1163 648 1194 recolens

256 1214 351 1248 ponet
379 1219 466 1241 mens
492 1210 617 1249 impura

212 1257 249 1287 In
276 1266 308 1287 se
334 1257 378 1287 nil
404 1258 577 1297 reperiens,

255 1313 316 1343 quo
340 1304 395 1335 fiat
421 1314 541 1345 secura,

207 1351 289 1382 Dum
316 1357 446 1391 peccata
472 1353 624 1394 meminit,

258 1408 338 1438 quae
364 1401 521 1431 commisit
546 1401 650 1440 plura,

208 1447 249 1478 Et
276 1456 309 1477 se
336 1446 440 1478 fedam
468 1449 624 1486 conspicit

258 1495 427 1533 multiplici
453 1496 588 1527 laesura.

150 1600 181 1632 3.
208 1599 289 1635 Heu,
317 1599 412 1630 miser
438 1610 530 1640 quam
557 1601 671 1633 misere

257 1648 406 1678 miserum
433 1658 481 1678 ine
509 1647 581 1685 feci,

220 1694 302 1725 Dum
329 1700 501 1735 praecepta
527 1696 654 1728 Domini

256 1749 326 1782 post
353 1747 474 1782 tergum
502 1744 640 1783 proieci!

208 1790 311 1821 Prava
337 1793 455 1830 pravis,
482 1792 604 1824 scelera

255 1839 427 1870 sceleribus
453 1840 566 1877 adieci,

207 1885 333 1917 Mersus
360 1887 390 1917 in
418 1887 577 1926 profundo
603 1897 671 1920 sum

257 1938 287 1965 et
313 1934 460 1966 addictus
487 1936 568 1968 neci.

150 2041 181 2071 4.
210 2038 234 2070 Ο
261 2043 377 2078 quanta
404 2041 598 2079 perversitas

256 2096 344 2118 meae
371 2096 483 2120 caecae
509 2090 634 2131 mentis,

210 2134 370 2174 Laqueum
397 2136 561 2175 suspendii

255 2183 317 2214 sibi
344 2185 571 2224 connectentis,

209 2229 291 2261 Dum
318 2236 451 2270 peccata
475 2232 616 2264 sordidis

270 2284 363 2319 auget
388 2280 592 2312 incrementis

209 2327 245 2358 In
273 2332 443 2366 conspectu
468 2328 584 2360 iudicis

253 2376 357 2407 omnia
383 2376 558 2408 cernentis!

842 1602 859 1633 λἸ

837 727 869 757 5.
895 726 921 758 Ο
947 729 1066 766 quanta
1092 726 1251 758 dementia

943 774 1129 813 insaniaque
1157 773 1293 811 videtur,

895 821 982 853 Deus
1009 825 1122 853 cuncta
1148 822 1305 860 conspicit

943 873 975 900 et
999 877 1061 900 non
1087 873 1263 908 reveretur,

895 917 995 948 Immo
1022 917 1093 956 plus
1118 917 1292 957 respiciens

944 964 1047 1004 gartio
1073 965 1202 996 timetur

895 1012 994 1050 Quam
1022 1017 1147 1044 creator
1171 1012 1320 1050 omnium,

944 1063 1057 1092 cuncta
1081 1061 1135 1099 qui
1159 1061 1312 1094 intuetur,

860 1188 867 1195 .
895 1164 957 1196 Pro
983 1173 1103 1203 semro,
1130 1165 1155 1196 si
1183 1165 1369 1204 respiceret,

941 1211 1118 1244 desinerem
1145 1221 1290 1254 peccare,

896 1260 958 1291 Pro
986 1259 1114 1292 Christo
1141 1269 1202 1291 non
1231 1260 1352 1297 desino,

953 1307 1006 1346 qui
1033 1311 1146 1339 cuncta
1174 1307 1261 1338 videt
1287 1309 1383 1346 clare,

891 1355 996 1394 Igitur
1021 1355 1098 1394 quid
1124 1354 1240 1386 faciam

940 1406 995 1433 aut
1020 1402 1095 1441 quid
1121 1404 1240 1441 possim
1267 1411 1412 1444 operare,

905 1449 981 1481 Cum
1010 1450 1155 1481 districte
1181 1452 1303 1482 venerit

940 1503 1053 1529 cuncta
1078 1498 1246 1530 iudicare?

863 1627 870 1635 .
899 1602 1009 1643 Miser,
1038 1603 1149 1641 plenus
1177 1603 1276 1643 vitiis,

940 1650 1088 1690 indiguus
1115 1657 1144 1682 et
1172 1660 1255 1692 reus,

891 1698 971 1737 Quid
1000 1697 1124 1735 faciam,
1153 1708 1221 1730 cum
1251 1700 1374 1732 venerit

940 1746 981 1777 ad
1007 1746 1213 1778 iudicandum
1238 1747 1351 1780 Deus?

893 1794 970 1826 Cum
997 1795 1253 1835 interrogaverit,

939 1841 1015 1882 quid
1042 1842 1089 1873 illi
1116 1844 1329 1887 respondebo,

889 1889 988 1928 Quem
1014 1890 1132 1921 offendi
1156 1891 1284 1933 totiens,

939 1947 1008 1969 cum
1034 1938 1171 1970 iudicem
1198 1939 1340 1972 videbo?

860 2066 867 2073 .
894 2042 1098 2075 Horrendum
1125 2048 1173 2075 est
1198 2044 1341 2078 incidere

941 2091 972 2122 in
1000 2100 1112 2122 manus
1138 2093 1275 2125 viventis

893 2138 964 2177 Dei,
991 2139 1066 2170 iusti
1091 2140 1218 2176 iudicis,

940 2187 1045 2219 omnia
1071 2188 1240 2230 cernentis,

892 2234 952 2272 Qui
977 2244 1040 2267 non
1065 2242 1177 2275 parcet
1203 2237 1349 2277 cuiquam

942 2283 974 2314 in
1002 2283 1053 2315 die
1078 2284 1251 2326 vindictae,

894 2330 975 2367 Quin
1001 2332 1174 2363 secundum
1201 2334 1316 2366 merita

941 2379 1062 2411 iudicet
1088 2380 1242 2416 districte.
