1651 2680
133 575 188 606 21.

136 921 188 953 22.

131 1255 185 1288 23.

132 1786 188 1818 24.

653 101 913 136 —121—

218 198 317 238 Virgo
341 198 424 230 lenis
449 202 544 238 atque
569 199 665 240 laeta,

216 245 335 278 Noster
357 255 456 284 amor,
483 255 558 286 spes
583 251 616 277 et
642 252 736 286 meta,

216 293 336 326 Nostra
360 294 458 326 corda
482 294 655 334 locupleta,

217 343 260 375 Ut
285 350 394 374 amore
418 345 472 374 tuo
499 340 582 373 freta

263 389 327 422 Cor
343 393 432 421 tuum
446 393 577 429 tangant
599 390 747 424 dulciter,

395 504 479 531 Item.

216 572 338 608 Gaude.
365 572 445 603 lucis
471 571 547 607 filia.

215 621 265 652 De
290 621 336 652 tui
365 620 472 651 cordis
497 619 606 660 phiala

216 669 361 710 Propina
387 668 478 699 nobis
504 667 599 699 hodie

215 717 368 756 Saporem
397 716 499 748 dulcis
526 715 660 758 gratiae,

216 765 274 804 Qui
300 768 411 796 nostra
437 768 547 804 tangat
572 764 695 802 intima,

216 814 282 852 Quo
308 818 418 844 nostra
445 811 563 852 fraglat
589 812 705 843 anima.

217 919 374 951 Pincerna
399 918 501 949 sancti
529 918 672 957 spiritus,

215 966 281 998 Nos
306 966 403 1006 irriga
435 965 633 1006 medullitus,

216 1015 259 1048 Ut
285 1015 382 1045 corde
407 1014 479 1054 plus
508 1023 601 1053 quam
629 1013 718 1044 ebrio

215 1063 404 1102 Flagrautes
431 1062 592 1093 desiderio

215 1111 410 1143 Clamemus:
439 1110 538 1142 Modo
565 1107 696 1147 sufficit,

216 1160 279 1191 Cor
304 1160 385 1189 enim
412 1162 555 1189 nostrum
583 1157 702 1191 deficit.

214 1255 336 1293 Gaude,
363 1258 465 1285 mater
491 1262 566 1284 vere
593 1254 685 1295 bona,

217 1302 423 1334 parvulorum
450 1306 484 1333 tu
511 1306 658 1342 patrona,

214 1352 297 1390 Quos
323 1351 440 1382 amoris
467 1350 554 1382 dulci
579 1359 663 1381 nexu

214 1399 328 1431 Cordis
353 1399 399 1430 tui
425 1398 484 1429 sub
511 1398 679 1438 complexu

260 1446 363 1478 Tenes
388 1447 482 1478 nimis
509 1451 626 1478 tenere.

214 1495 320 1534 Vivas,
350 1495 437 1526 vivas
463 1504 591 1534 semper
610 1495 748 1526 clamant

213 1544 265 1574 Ad
293 1552 347 1573 cor
372 1547 470 1583 tuum,
498 1544 601 1583 quite
620 1547 749 1585 amant·⁷

213 1593 293 1630 Ave,
321 1600 379 1622 ave
406 1601 468 1622 non
494 1591 641 1631 quiescit,

211 1639 332 1681 Gaude,
353 1639 456 1679 gaude
481 1640 610 1672 modum
636 1639 748 1681 nescit,

259 1687 304 1718 Te
330 1692 429 1719 totam
457 1688 497 1719 da
523 1697 582 1728 pro
606 1696 748 1720 munere.

215 1785 300 1816 Rosa
326 1785 442 1822 cordis,
470 1785 606 1824 aperirev

213 1833 310 1866 Cuius
335 1833 415 1864 odor
441 1832 559 1873 fraglat
585 1833 676 1864 mire.

213 1881 258 1912 Te
286 1881 418 1920 dignare
446 1881 594 1920 dilatare,

213 1929 279 1961 Fac
305 1939 358 1960 cor
383 1938 486 1961 meum
513 1930 675 1969 anhelare,

212 1977 304 2010 Infer
329 1982 415 2009 tuum
443 1977 529 2009 infra
555 1979 668 2015 sinum,

213 2027 277 2059 Ubi
302 2026 362 2057 tibi
389 2027 431 2058 sit
457 2026 606 2063 vicinum,

264 2075 306 2108 Ut
331 2075 386 2106 vix
413 2084 447 2106 se
472 2075 576 2114 ipsum
605 2075 722 2114 capiat.

213 2124 275 2155 Hie
302 2128 464 2163 repauset,
493 2123 544 2154 hic
570 2127 722 2165 moretur,

211 2172 308 2206 Ecce,
336 2172 398 2203 iam
425 2175 499 2212 post
525 2175 556 2202 te
582 2175 739 2209 movetur,

211 2220 257 2252 Te
283 2220 436 2252 ardenter
462 2220 530 2251 vult
557 2220 659 2260 sitire,

215 2269 293 2300 Vult
317 2272 467 2308 patenter
491 2268 640 2306 introire3

213 2317 300 2356 Noli,
327 2317 392 2348 noli
418 2316 589 2355 contraire,

211 2365 321 2398 Debes
348 2365 378 2396 ei
403 2365 596 2402 consentire,

262 2413 308 2447 Ut
334 2413 415 2445 bene
441 2414 481 2446 de
509 2420 541 2446 te
566 2413 694 2444 sentiat.

824 277 882 308 25.

823 621 878 653 26.

1039 196 1083 222 Ad
1104 197 1222 224 collum.

909 275 1033 308 Collum
1060 279 1146 307 tuum
1174 275 1293 314 nobile,

907 322 1008 354 Nobis
1034 327 1096 354 tam
1124 323 1276 363 flexibile,

908 370 1058 402 Candens
1083 371 1265 403 innocentia

907 419 974 450 Lac
1000 424 1131 458 superat
1156 424 1187 450 et
1215 420 1291 452 lilia.

1026 541 1068 568 Ad
1092 546 1230 569 mentum.

907 619 1030 657 Gaude,
1058 621 1172 659 gaude,
1195 621 1282 651 euius
1301 625 1440 652 mentum

906 667 965 700 Est
991 668 1108 699 amoris
1135 669 1400 704 blandimentum,

955 716 991 747 In
1018 725 1080 755 quo
1106 714 1198 748 floret
1225 717 1360 758 bonitas,

908 764 1005 796 Cuius
1032 773 1066 795 os
1094 770 1141 795 est
1167 765 1379 796 verecundum

906 812 950 844 Et
974 816 1008 843 ut
1035 822 1105 843 rosa
1135 813 1356 849 rubicundum,

955 861 991 892 In
1019 870 1081 900 quo
1109 861 1190 892 ridet
1219 862 1346 892 caritas.

1048 984 1091 1009 Ad
1115 984 1203 1011 labia.

872 1088 879 1094 .
905 1062 1030 1099 Gaude,
1059 1062 1147 1093 cuius
1174 1066 1248 1093 sunt
1272 1063 1357 1094 labia

906 1110 982 1142 Plus
1010 1108 1084 1141 favo
1110 1111 1213 1141 mellis
1240 1111 1360 1147 suavia,

905 1158 1003 1190 Cuius
1030 1158 1138 1197 lingua
1164 1163 1212 1189 est
1239 1160 1397 1201 eucharis,

907 1206 1045 1237 Vincens
1073 1206 1236 1237 dulcorem
1263 1208 1413 1238 nectaris.

1049 1325 1092 1351 Ad
1115 1335 1209 1353 nare&

824 1407 830 1413 ·
875 1426 880 1431 .
909 1398 1032 1430 Gaude.
1060 1400 1172 1438 gaude,
1202 1400 1289 1430 cuius
1316 1408 1408 1431 nares

822 1835 878 1866 29.

820 2269 876 2302 30.

908 1446 1088 1478 Suavitates
1116 1448 1292 1487 singulares

955 1494 1087 1534 Spirant
1113 1506 1182 1526 cuni
1211 1495 1399 1535 fragrantia,

906 1543 994 1574 Odor
1020 1547 1091 1574 tuus
1118 1545 1197 1575 odor
1223 1545 1340 1583 suavis,

909 1590 997 1622 Nulli
1023 1592 1130 1630 gravis
1158 1593 1218 1623 nisi
1244 1593 1368 1631 pravis,

952 1639 1020 1678 Quo
1048 1640 1101 1679 pia
1128 1650 1216 1671 inens
1242 1640 1277 1671 fit
1304 1641 1402 1673 ebria.

1047 1758 1090 1785 Ad
1116 1769 1215 1795 genas.

907 1832 1032 1871 Gaude,
1061 1832 1148 1864 cuius
1166 1834 1314 1866 Christus
1332 1844 1440 1873 genas,

907 1881 1093 1911 Venustatis
1119 1880 1197 1913 flore
1224 1882 1346 1921 plenas,

954 1929 1082 1960 Amoris
1110 1931 1226 1968 pressit
1255 1931 1378 1969 osculoe

906 1979 994 2010 Bene
1020 1978 1117 2008 menti
1146 1983 1176 2009 te
1202 1980 1379 2018 quaerenti,

907 2027 994 2065 Quae
1022 2030 1053 2056 te
1080 2028 1174 2057 sentit
1204 2027 1233 2057 in
1263 2029 1426 2066 praesenti

954 2075 990 2105 In
1017 2076 1154 2113 pectoris
1183 2075 1338 2107 cubiculo.

1010 2193 1054 2220 Ad
1077 2196 1243 2228 supercilia.

905 2267 1028 2304 Gaude,
1057 2276 1137 2306 quae
1163 2269 1335 2308 supercilia

903 2316 1037 2355 Semper
1063 2315 1161 2347 habes
1188 2318 1362 2349 stellantia.

902 2364 998 2396 Cuius
1021 2364 1229 2404 resplendent
1247 2366 1438 2407 palpebrae,

902 2414 986 2453 Quas
996 2412 1103 2444 nullae
1115 2413 1436 2447 claudunttenebrae.
