1651 2680
708 134 754 140 -
803 87 969 149 266⁴—

183 212 239 244 11.
266 212 328 243 Hic
355 212 444 249 virgo
471 219 576 248 carne,
874 209 929 244 12.
956 210 1019 242 Hic
1043 211 1165 242 leonem
1194 211 1326 248 domuit,

264 260 367 290 Purus
394 258 425 288 in
452 261 567 290 mente.
957 259 1014 298 Qui
1039 259 1189 298 obsequia
1215 257 1374 298 praebuit,

266 307 333 337 Iam
360 314 457 337 senex
483 310 588 336 aetate
957 305 1192 346 Dogmatizavit
1219 306 1360 345 Paulam,

266 355 381 386 Docuit
406 353 437 383 in
466 358 578 394 morte,
955 355 1042 393 Quae
1068 354 1243 394 praecessit
1267 355 1300 385 in
1322 353 1438 393 patria.

265 403 351 441 Quae
377 401 446 432 sine
474 400 556 432 forte
956 400 1045 433 Infra
1072 402 1155 442 vide,
1182 405 1258 442 quot
1275 405 1348 441 post
1365 404 1501 432 mortem

268 451 347 482 Sunt
372 449 467 490 plena
493 449 606 480 salute.
956 449 1173 481 Coruscarunt
1199 449 1361 481 miracula.

258 553 508 587 Hieronymianus
524 561 575 577 ms.
597 551 790 577 Johannis
810 552 990 584 Andreae,
1013 560 1088 579 saec.
1111 551 1152 579 15.
1178 552 1246 579 Cod.
1268 553 1403 580 Rossian.
1418 551 1499 583 V111,

181 590 247 618 231.
269 592 291 617 Α
314 605 351 608 ——-
373 590 494 616 collect.
517 599 570 616 ms.
593 591 693 616 incert.
709 591 780 624 orig.
804 598 880 617 saec.
902 589 946 616 14.
987 590 1056 616 Cod.
1080 591 1279 618 vindobonen.
1302 588 1386 617 4689.
1408 590 1440 616 B.
1464 603 1498 607 —

181 628 213 663 5Ἴ
245 628 257 655 l
282 630 337 656 llic
365 637 451 663 saepe
481 630 659 654 certissimus
683 629 712 654 B.
737 642 770 645 —
793 627 825 659 5,
853 626 870 654 2
891 628 1020 655 Iudicem
1044 629 1076 654 A.
1098 643 1134 647 —
1155 628 1187 659 5,
1209 628 1226 655 3
1249 629 1387 664 Sper-ator
1408 629 1441 654 A.
1463 643 1498 647 —

178 666 213 699 5,
243 667 260 694 5
281 668 430 694 fumarius.
455 667 487 692 A.
511 681 546 684 —
568 665 598 696 9,
621 665 637 692 5
660 666 781 692 inolitus
802 667 836 692 A.
858 681 894 684 —
920 665 967 698 12,
991 665 1002 692 l
1028 667 1141 693 domuit
1160 667 1272 693 leonem
1295 668 1328 694 A.
1349 680 1387 684 -—
1411 664 1460 697 12,
1481 663 1499 692 2

181 706 323 741 obsequia
352 705 484 741 praebuit
506 705 539 730 A.
567 719 603 722 —-
627 702 674 735 12,
703 703 721 730 4
742 705 772 730 in
793 704 866 731 fehlt
887 705 918 731 B.
939 719 975 722 —
1000 703 1049 734 12,
1076 703 1093 731 5
1114 705 1207 740 Supra
1230 705 1296 732 vide
1316 704 1387 740 quid
1408 705 1440 730 B.
1461 718 1499 722 —

182 745 246 779 Vgl.
270 745 357 770 Mune
381 743 433 773 ΙΙΙ,
461 741 514 768 341
543 742 583 773 (in
612 744 698 776 not.);
727 743 835 769 ferner:
864 744 1114 777 Hieronymianus
1137 744 1205 778 imp.
1227 752 1249 769 s.
1272 743 1290 770 l.
1316 740 1387 769 1482
1406 743 1499 771 (Hain

186 780 276 813 1082).
306 796 341 799 —
365 783 423 808 Der
445 782 536 807 Amor
563 780 695 807 bemerkt
723 790 756 807 zu
781 782 891 807 seinem
913 781 1074 807 Produkte:
1107 781 1185 814 „Deo
1207 785 1280 808 teste
1301 781 1392 812 nihil,
1421 781 1499 815 quod

182 820 288 846 falsum
310 824 415 854 putem.
440 820 584 845 immiscui
607 820 636 845 in
658 818 712 845 hoc
734 819 802 845 stilo
825 819 954 845 studiose
975 819 1114 851 diffi»rmi;
1137 828 1190 845 nee
1204 819 1250 845 hic
1270 821 1359 845 rimas
1375 818 1420 845 vel
1435 820 1498 845 riti-

182 868 245 884 mns
267 859 359 885 fat-ere
382 857 576 886 intendebam,
600 858 627 883 in
649 857 756 892 quibus
778 859 936 892 requiritur
958 855 1204 892 uniformi[talsl.“

488 1017 553 1047 225.
599 1018 637 1046 ne
659 1024 683 1046 s.
707 1016 832 1055 Hugone
855 1015 1158 1056 Gratianopolitano.

413 1115 524 1146 Gaude
550 1120 716 1155 perpetuo,
743 1115 936 1156 praedulcis.
964 1115 1109 1146 amabilis
1137 1115 1238 1157 fingo,

414 1163 461 1193 Tu
487 1163 608 1193 meritis
635 1163 759 1202 plenus,
787 1162 863 1194 fidei
889 1163 1008 1201 pietate
1035 1171 1174 1199 serenus,

416 1210 553 1241 Illustris
581 1210 671 1241 donis
699 1210 825 1241 divinae
850 1211 1048 1250 cognitionis,

413 1258 527 1288 Mundi
554 1258 703 1291 calcator.
732 1258 851 1290 Christi
878 1259 1004 1289 fervens
1029 1258 1180 1298 imitator,

415 1305 559 1336 Iustitiae
584 1304 695 1341 forma,
723 1314 845 1336 morum
872 1306 1050 1337 rectissima
1076 1314 1196 1336 norma.

412 1353 437 1383 Ο
463 1357 566 1391 pater,
593 1361 690 1383 exora
715 1361 773 1391 pro
798 1352 888 1383 nobis
916 1353 1027 1383 mortis
1053 1353 1085 1384 in
1112 1353 1201 1393 hora,

415 1400 455 1431 Ut
478 1400 574 1430 simus
601 1400 687 1438 digni
714 1403 875 1439 postrema
900 1400 970 1431 luce
998 1400 1095 1432 beari.

253 1507 333 1531 orat.
357 1512 406 1529 ms.
430 1502 589 1537 Campense·
611 1504 679 1529 anni
704 1501 784 1529 1462.
826 1503 894 1529 cod.
916 1503 1129 1530 Darmstadien.
1152 1502 1215 1530 52¹1.

546 1662 612 1691 226.
656 1663 695 1692 lle
718 1670 741 1691 s.
762 1662 888 1701 Hugone
911 1662 1129 1693 Lincolniensi.

203 1763 234 1794 1.
262 1763 320 1794 Est
347 1763 438 1797 Hugo
465 1761 712 1800 de¹Burgundia
889 1763 918 1794 4.
947 1758 1089 1794 Gloriam
1116 1763 1245 1794 summis
1272 1764 1323 1794 hic
1349 1763 1462 1806 figens,

264 1810 401 1841 Excelsa
428 1808 545 1839 Christi
572 1809 673 1847 gratia
947 1809 1039 1840 Ficta
1066 1810 1136 1841 imis
1164 1812 1335 1850 reperiens.

264 1858 456 1888 Sublimatus
482 1856 513 1887 iu
540 1856 657 1896 Anglia
947 1857 1203 1889 Carthusiensern
1230 1859 1374 1891 ordinem

265 1906 469 1937 I'ontificatus
495 1903 604 1937 infula.
948 1904 1079 1945 Subegit
1107 1916 1177 1937 mox
1204 1907 1424 1947 asperrimum.

202 2011 233 2042 2.
265 2008 366 2041 liumo
392 2009 565 2048 plasmatus
591 2009 683 2040 arida
887 2012 917 2042 5.
944 2006 1031 2042 odas
1059 2015 1175 2042 canunt
1201 2012 1358 2044 altissimo

264 2059 424 2089 irroratur
449 2065 542 2088 aerea
944 2058 1119 2097 Assumpto
1144 2059 1185 2090 ab
1211 2060 1324 2092 exsilio

262 2105 470 2141 Humiditate.
498 2103 616 2144 frigida
945 2105 1080 2145 Hugone
1106 2106 1325 2148 civessuperi

264 2152 365 2184 Ardet
390 2156 503 2183 natura
528 2152 631 2191 ignea.
944 2153 997 2185 Ad
1024 2154 1148 2193 asylum
1174 2155 1234 2186 Dei
1261 2157 1339 2188 veri.

200 2259 234 2292 3.
262 2254 356 2290 Uitae
382 2257 482 2287 sancti
508 2257 675 2297 principiis
887 2259 920 2290 6.
946 2258 1086 2290 Aeterna
1113 2259 1232 2291 Christi
1258 2270 1390 2292 munera

265 2305 381 2337 Mortis
407 2305 506 2335 versis
533 2303 692 2336 mellifluis
946 2305 1040 2345 Hugo
1064 2306 1164 2346 figens
1190 2309 1343 2341 memoria

263 2352 407 2393 Hugonis
433 2352 500 2383 sine
527 2352 623 2384 dubio
944 2353 1097 2394 Leprosis
1125 2355 1213 2386 dedit
1239 2357 1349 2389 oscula

263 2402 321 2433 Est
347 2400 481 2439 simplex
508 2401 680 2440 generatio.
944 2401 987 2433 Et
1013 2403 1111 2433 sensit
1138 2403 1194 2435 illa
1220 2404 1336 2437 dulcia.
