1651 2680
699 100 861 137 —361
914 121 957 128 -

179 198 212 231 7.
238 198 322 238 Quos
348 198 419 238 pias
444 199 480 229 tu
505 195 595 228 fonte
620 206 724 237 sacro,
872 198 927 232 10.
955 198 1016 230 Illa
1041 198 1164 230 scilicet
1188 207 1327 238 superna

288 245 373 284 Quos
398 245 550 285 perungis
577 245 750 278 chrismate
1002 247 1214 286 Hierusalem,
1241 245 1380 278 omnium

236 292 423 334 Imbuisque
449 292 624 326 christiano
954 295 1062 326 Mater
1089 295 1271 336 electorum,
1299 302 1390 325 sacro

287 340 498 373 Sacrosancto
525 340 684 383 dogmate,
1005 343 1104 375 Plena
1129 342 1230 382 prolis
1255 342 1379 382 agmine

237 389 307 421 Hos
331 393 466 430 paterno
492 398 582 420 more
606 390 721 428 nutris,
957 390 1001 421 Et
1024 390 1191 422 beatorum
1217 394 1346 421 caterva

286 436 354 468 Hos
380 436 528 476 adoptas,
556 436 612 469 hos
639 437 725 471 beas.
1005 439 1123 477 Saepta
1149 447 1274 477 semper
1301 437 1468 477 virginum.

181 519 214 551 8.
240 517 313 550 Sint
336 521 372 550 ut
397 517 460 557 ipsi
486 526 604 557 sponsa
631 518 764 560 Christi,
875 520 933 552 11.
962 519 1058 552 Cuius
1084 519 1116 550 in
1142 520 1249 559 platea
1275 527 1401 557 semper

288 565 360 597 Sint
385 566 489 609 amici,
514 567 576 597 sint
604 566 660 608 dii,
1006 567 1153 598 Dulciter
1178 567 1356 598 melodians

240 613 321 646 Cum
346 614 548 646 iucunditate
574 614 682 646 cordis
958 614 1119 654 Hymnum
1147 614 1225 646 dicit
1251 613 1434 652 augelorum

287 661 418 694 Possint
444 666 476 693 et
500 667 674 702 pepetuum
1008 661 1136 693 Pacifer
1163 662 1344 698 concordia,

241 709 436 749 Nuptiarum
462 719 590 749 semper
614 714 724 750 aptum
961 710 1122 749 Hymnum
1149 719 1275 749 semper
1301 712 1331 739 et
1357 708 1451 739 beata

286 757 458 790 Possidere
484 759 648 799 gaudium.
1009 757 1117 789 Turba
1145 757 1277 789 fratrum
1304 759 1466 795 personat.

180 839 214 872 9.
241 838 414 879 Gaudium,
442 840 528 879 quod
554 848 646 871 nemo
672 840 804 880 plenum
878 840 933 872 12.
961 839 1077 871 Coetus
1104 839 1205 870 omnis
1232 837 1417 878 angelorum

289 886 397 919 Tollat
422 898 441 919 a
467 887 628 926 fidelibus,
1006 887 1048 918 Et
1076 887 1261 918 thronorum
1290 885 1377 917 milia

242 935 307 968 Sed
333 944 474 975 perenne
501 944 571 967 cum
601 936 703 967 beatis
958 934 1077 974 Magno
1105 930 1203 977 [cum]
1228 933 1389 973 triumpho
1408 932 1492 972 patri

288 983 504 1016 Possidebunt
528 983 661 1024 angelis,
1008 982 1148 1013 Alleluia
1175 982 1323 1016 concinit,

240 1031 284 1064 Ut
308 1031 351 1062 sit
376 1041 414 1063 ex
440 1035 576 1071 utroque
602 1040 731 1071 semper
961 1030 1047 1061 Dicit
1072 1029 1214 1061 Alleluia
1241 1035 1325 1065 nuto,

288 1079 363 1111 Una
388 1079 626 1119 Hierosolyma.
1008 1077 1096 1109 Dicit
1123 1082 1153 1108 et
1181 1077 1350 1116 paraclito.

478 1157 533 1189 13.
561 1155 715 1188 Omnibus
743 1154 867 1192 diebus,
896 1154 982 1185 horis

612 1203 654 1235 Et
681 1203 850 1234 momentis
875 1201 1019 1242 singulis,

562 1251 729 1283 Mensibus
756 1249 880 1282 cunctis
907 1254 937 1280 et
964 1250 1055 1280 anuis

611 1299 831 1338 Omnibusque
856 1298 994 1329 saeculis

561 1347 671 1380 Turba
697 1346 832 1378 fratrum
861 1345 939 1377 dicit
965 1345 1115 1385 hymnum

608 1396 757 1436 Mysticis
783 1394 816 1426 in
844 1394 986 1425 vocibuS.

248 1473 370 1501 Collect.
392 1482 444 1500 ms.
459 1472 676 1500 Laudunense?
698 1479 774 1498 eaeo.
801 1468 843 1498 10.
887 1469 957 1496 Cod.
973 1470 1095 1495 Beruen.
1120 1467 1183 1494 455.
1206 1482 1241 1486 —
1263 1467 1319 1493 Mit
1336 1466 1386 1492 der
1401 1455 1498 1493 [lber-

165 1511 282 1539 schrift:
314 1511 461 1538 Versus
493 1510 698 1539 Zmaracdi.
731 1524 767 1529 -—
799 1509 865 1545 Vgl.
900 1509 1057 1544 HagenuS,
1091 1509 1230 1533 Carmina
1263 1505 1351 1532 medii
1378 1505 1442 1531 aevi
1471 1514 1498 1539 p.

167 1548 204 1579 93
224 1559 286 1587 sqq.

568 1623 629 1655 318.
672 1624 717 1654 De
738 1621 864 1654 Malitia
887 1621 1081 1662 Temporum.

182 1707 211 1739 1.
239 1707 338 1738 Totus
366 1705 503 1739 mundus
530 1708 578 1735 est
603 1703 776 1736 subversus
876 1704 908 1735 2.
937 1702 1172 1734 Pertrahuntur
1198 1704 1233 1731 ut
1259 1703 1408 1739 raptores

239 1755 285 1787 Et
306 1755 340 1786 iu
366 1754 448 1786 mari
473 1753 563 1794 gravi
588 1760 712 1784 mersus
938 1750 1094 1782 Veritatis
1120 1753 1288 1787 amatores,

287 1803 324 1836 In
351 1801 513 1843 profundo
541 1801 631 1839 vitii3
985 1798 1044 1836 Qui
1072 1808 1090 1829 a
1116 1798 1208 1828 malis
1233 1796 1415 1835 abstinent3

239 1852 333 1884 Nunc
359 1851 495 1883 virtutes
521 1849 719 1890 relaxantur,
936 1845 1099 1878 Adulaces
1126 1849 1157 1875 et
1183 1845 1343 1883 loquaces,

241 1899 345 1942 Super
370 1908 480 1932 omnes
507 1898 706 1930 honorantur
937 1895 1146 1926 Detractores
1173 1897 1204 1923 et
1230 1891 1401 1923 mendaces

289 1948 488 1988 Deceptores
513 1946 616 1986 impii.
988 1940 1207 1980 Principatum
1235 1940 1390 1971 obtinent.

571 2025 602 2058 3.
632 2023 822 2055 Adorantur
847 2019 1009 2057 maculati,

629 2071 855 2104 Adhaerentes
883 2066 1029 2107 falsitati,

679 2118 721 2150 Et
749 2119 903 2158 praesunt
929 2116 961 2146 in
989 2115 1095 2151 curiis,

630 2167 739 2200 Maior
763 2166 853 2197 locus
880 2164 945 2195 illis
973 2162 1077 2203 datur,

630 2214 674 2247 Et
700 2215 746 2246 sic
771 2211 908 2244 mundus
936 2210 1101 2242 desolatur

679 2262 801 2294 Eorum
829 2259 981 2292 consiliis.

248 2343 411 2371 Collectan.
439 2351 492 2369 ms.
521 2342 628 2369 Ineert.
657 2339 789 2375 Originis
817 2344 895 2364 saec.
926 2334 969 2362 15.
1017 2334 1088 2362 Cod.
1110 2334 1254 2361 Oxonien.
1275 2336 1387 2363 Canon.
1417 2337 1500 2363 misc,

167 2381 233 2413 523.
261 2397 296 2401 —-
322 2381 414 2409 Wohl
445 2390 501 2408 nur
521 2381 570 2407 ein
590 2376 777 2406 Bruchstiick
798 2377 879 2403 eines
900 2374 1041 2410 liingeren
1061 2373 1228 2401 Gedichtes.
1270 2374 1420 2402 Abschrift
1440 2383 1500 2402 von

168 2424 241 2452 Rev.
263 2422 302 2449 Η.
323 2421 364 2448 M.
386 2420 553 2448 Bannister.
