1651 2680
653 105 890 141 -69-

120 203 181 237 3a.
209 202 403 235 sublevator
426 211 605 243 pauperum

206 251 250 282 Et
275 255 403 283 creator
427 250 569 282 siderum

207 298 363 330 Mundum
391 298 473 330 mole
498 298 656 330 scelerum

205 345 382 378 Miseratur
407 346 567 385 miserum,

205 393 323 426 Matris
349 393 509 425 subintrat
536 397 671 433 uterum,

205 442 304 482 Virgo
331 442 385 474 dat
411 441 503 473 nobis
530 450 674 484 puerum,

252 490 312 528 Qui
337 489 512 521 secundum
539 489 654 521 Isaiam

205 538 272 570 Iter
296 537 408 577 planat
432 545 582 577 asperum

252 586 360 625 Atque
385 585 495 616 mundi
521 584 738 616 monarchiam

205 633 318 666 Portat
344 641 442 673 super
466 641 620 666 umerum.

117 739 177 773 4a.
204 737 247 771 Ut
273 738 305 769 in
332 738 538 778 praeconium

251 786 368 817 Matris
395 790 426 817 et
452 786 585 827 virginis

202 833 330 866 Indocti
357 833 476 865 labium

251 881 402 914 Solvatur
429 882 576 918 hominis,

202 930 348 963 Praestet
376 930 548 970 ingenium,

249 977 314 1009 Det
339 978 402 1009 vim
429 978 594 1017 acuminis,

202 1025 262 1065 Qui
288 1029 375 1057 tenet
401 1026 515 1058 solium

249 1073 387 1113 Superni
413 1074 569 1107 culminis.

114 1180 174 1212 5a.
200 1179 337 1219 Hospita

201 1227 255 1258 Fit
279 1227 324 1259 ita

246 1274 314 1307 Deo
339 1279 371 1307 et
396 1275 530 1317 homini,

111 1381 173 1415 Ga.
200 1380 322 1412 Recens
348 1380 521 1421 hospitium

246 1428 361 1461 Cubile
386 1429 503 1467 nobile,

198 1476 276 1508 Vitii
303 1477 455 1517 nescium,

246 1524 366 1556 Virtuti
392 1525 509 1563 habile,

196 1573 300 1613 Ipsius
326 1573 442 1604 ostium

245 1620 371 1659 Fixum,
397 1631 459 1653 non
485 1620 613 1661 mobile,

196 1670 234 1702 In
261 1669 321 1701 hoc
346 1669 391 1700 nil
416 1670 566 1712 tristium,

244 1717 359 1749 Totum
385 1717 518 1750 risibile.

110 1823 169 1856 7a.
196 1823 282 1863 Quae
307 1832 406 1863 mens,
434 1832 514 1863 quae
540 1824 696 1856 schedula

244 1871 368 1911 Capere
394 1872 509 1913 valeat,

195 1919 266 1951 Hac
292 1920 332 1951 de
357 1919 529 1953 iuvencula

242 1968 334 2008 Quod
361 1968 425 2000 dici
452 1968 564 2000 deceat
575 1966 590 1998 ’ζ’

195 2015 319 2048 Cuncta
345 2016 372 2048 si
398 2017 527 2048 saecula

243 2064 393 2097 Scribere
419 2065 530 2104 libeat,

193 2112 278 2145 Laus
305 2113 368 2145 erit
395 2113 532 2153 parvula

242 2161 312 2194 Nec
338 2161 401 2194 fine
428 2165 546 2194 careat.

104 2268 166 2302 82.
193 2267 283 2300 Haec
309 2267 450 2300 candens
476 2266 590 2306 lilium,

241 2316 333 2348 Haec
358 2324 432 2347 rosa
458 2313 568 2354 rubea,

192 2365 285 2397 Haec
308 2372 444 2396 mannae
469 2362 637 2403 proprium

241 2413 319 2451 Vas,
345 2421 427 2444 urna
450 2419 558 2443 aurea.

808 202 870 236 3b.

804 739 865 772 4b.

805 1179 867 1213 5b.

798 1381 860 1415 6b.

802 1823 865 1857 7b.

802 2263 863 2297 8b.

898 203 1009 237 Utitur
1033 212 1093 243 pro
1119 202 1198 234 solio

898 251 967 283 Rex
993 251 1117 284 Mariae
1142 249 1272 290 gremio,

898 299 995 332 Cuius
1021 299 1079 330 sub
1105 298 1239 338 imperio

900 347 984 378 Vivit
1011 347 1113 378 omnis
1138 347 1236 384 natio,

898 395 966 427 Iam
993 394 1138 426 Danielis
1164 393 1244 424 visio

896 442 968 474 Non
994 445 1087 473 vacat
1112 452 1130 473 a
1157 440 1328 482 mysterio:

943 490 1042 529 Lapis
1069 490 1164 530 enim,
1192 488 1246 528 qui
1264 486 1433 519 descendit

895 538 944 569 De
971 537 1088 569 montis
1113 535 1252 576 fastigio,

942 585 1050 618 Crevit
1065 585 1120 623 ita,
1137 584 1221 624 quod
1231 581 1432 614 transcendit

894 633 1027 665 Terram
1055 642 1112 664 suo
1138 632 1254 671 spatio.

893 739 984 778 Regii
1011 737 1173 777 sanguinis

943 786 1082 818 Germen
1110 784 1271 825 egregium

893 834 999 866 Decus
1027 833 1171 875 originis,

943 881 1105 922 Splendor
1130 881 1296 919 natalium,

895 930 981 962 Telis
1009 929 1169 969 cupidinis

942 978 1005 1009 Cor
1030 977 1104 1008 tulit
1129 977 1268 1017 obvium,

895 1026 937 1058 Ut
966 1025 1031 1057 divi
1058 1025 1186 1056 seminis

942 1074 1038 1105 Esset
1063 1073 1248 1112 hospitium.

895 1179 1010 1210 Inclita

892 1227 1027 1266 Cognita

938 1274 1073 1306 Femina
1098 1273 1229 1305 nomini.

888 1381 913 1413 Ο
940 1379 1158 1419 susceptibile,

936 1429 1072 1460 Prorsus
1098 1428 1303 1467 mysterium!

887 1479 1045 1516 Acceptat
1072 1475 1171 1507 fictile

936 1525 1004 1557 Vas
1030 1523 1122 1556 fictor
1148 1523 1298 1561 omnium,

889 1573 973 1605 Inibi
1001 1572 1116 1604 stabile

937 1621 1062 1661 Regens
1089 1621 1267 1661 imperium,

890 1669 1022 1701 Nullum
1051 1667 1184 1700 difficile

939 1717 1060 1748 Ferens
1086 1718 1256 1757 negotium.

893 1823 981 1862 Quae
1007 1831 1132 1862 semper
1159 1821 1282 1862 floreat,

938 1871 1026 1902 Haec
1053 1871 1140 1902 lesse
1161 1870 1294 1912 virgula,

889 1918 1010 1960 Rubus,
1038 1918 1092 1958 qui
1120 1918 1225 1958 vigeat

938 1967 974 1998 In
1000 1965 1128 1998 flamma
1154 1967 1276 2007 sedula,

890 2015 976 2054 Quae
1000 2015 1060 2046 soli
1087 2018 1206 2056 pateat,

936 2063 1025 2094 Haec
1051 2067 1164 2102 portae
1190 2063 1346 2105 clausula,

887 2111 974 2149 Quae
999 2111 1101 2142 lucem
1127 2111 1290 2154 praebeat,

935 2159 1024 2191 Haec
1050 2159 1139 2191 nucis
1165 2160 1285 2200 gerula.

891 2265 980 2297 Haec
1006 2265 1206 2297 redeuntium

937 2311 1074 2344 Ductrix
1099 2313 1224 2357 idonea,

892 2360 1148 2393 Pervenientium

937 2408 1098 2441 Sollennis
1123 2410 1243 2444 laurea.
