1651 2680
211 530 241 559 6.

186 1829 240 1860 10.

182 2154 237 2187 11.

702 102 959 138 -118-

270 198 446 230 Benedicta
471 198 604 236 viscera,

273 246 391 278 Contra
416 245 493 276 iuris
520 243 650 277 foedera

319 293 434 324 Sancto
460 292 525 325 feta
550 293 676 333 spiritu⁷

269 341 330 373 Dei
356 341 457 380 patris
482 340 581 372 filium

270 390 356 428 Quae
382 397 440 428 per
466 389 561 420 trium
587 388 739 420 mensium

315 436 463 468 Baiulant
491 435 636 470 circuitu,

270 528 444 559 Benedicta
468 527 596 568 pariens

269 575 398 606 Ventris
425 584 482 606 nec
508 575 654 614 aperiens

313 623 474 662 virginale
501 622 626 663 ostium,

268 670 355 702 Sicut
384 671 430 701 sol
458 681 518 701 non
545 670 649 709 aperit

267 719 402 759 vitrum,
431 717 556 758 quando
583 718 701 749 exserit

313 765 364 798 Ab
392 766 563 797 introrsum
591 766 725 798 radium.

235 882 240 887 .
270 857 443 888 Benedicta
469 866 579 896 genua.

272 904 391 943 Quibus
418 905 501 936 vitae.
527 904 618 935 ianua

316 953 453 991 Vagiens
479 952 645 990 excipitur,

268 1000 309 1030 Et
337 1008 416 1038 quae
442 1000 565 1039 pondus
592 1001 758 1040 sustinent,

268 1047 357 1087 Quod
386 1048 464 1078 caeli
491 1057 551 1079 non
580 1049 752 1086 continent,

317 1096 406 1133 Quod
434 1095 551 1126 mundo
578 1106 637 1126 non
662 1096 797 1136 capitur.

238 1205 245 1212 .
272 1181 438 1212 Benedicti
464 1181 557 1215 oculi,

272 1228 390 1267 Quibus
418 1238 523 1268 regern
549 1229 677 1268 saeculi,

315 1276 422 1308 Mater
447 1285 538 1316 pura,
565 1276 709 1315 respicis,

265 1324 342 1355 Eius
370 1323 595 1363 contemplatio

266 1371 359 1403 Omni
385 1371 481 1410 plena
507 1371 621 1411 gaudio

316 1418 464 1449 Vultibus
490 1418 651 1457 angelicis.

236 1528 243 1535 .
271 1504 464 1535 Benedictae
490 1503 630 1545 genulae,

268 1552 354 1589 Quae
380 1552 421 1582 ad
446 1552 534 1582 illam
558 1551 667 1582 sedule

316 1600 355 1630 Se
382 1599 560 1638 astringunt
589 1598 710 1637 faciem,

264 1648 360 1677 Cuius
387 1647 454 1677 visu
480 1646 616 1677 omnium

265 1695 401 1726 Obtutus
430 1694 610 1725 caelestium

311 1741 439 1773 Nullam
466 1742 552 1785 capit
578 1743 701 1775 satiem.

267 1829 443 1860 Benedicta
469 1828 553 1860 labia

267 1876 371 1916 Super
398 1875 502 1908 favum
531 1875 635 1907 dulcia

315 1924 374 1956 Dei
399 1923 585 1965 sapientiae,

267 1973 405 2012 Quorum
431 1973 547 2012 gaudet
573 1971 689 2002 osculis

265 2019 443 2051 Promissus
469 2030 488 2051 a
515 2019 650 2051 saeculis

314 2067 455 2099 Dilectus
482 2067 645 2100 ecclesiae.

265 2153 472 2186 Benedictum
500 2153 631 2186 caelitus

265 2201 399 2244 Collum,
427 2203 510 2242 quod
536 2201 716 2233 humanitus

313 2249 551 2292 Amplexantur
576 2249 708 2282 brachia

262 2299 375 2330 Partes
400 2299 510 2330 mundi
535 2307 668 2338 superas

265 2346 392 2379 Pariter
417 2349 446 2377 et
473 2345 593 2378 inferas

312 2396 347 2426 In
374 2402 408 2425 se
434 2394 638 2426 continentia.

872 199 927 232 12.

953 199 1129 231 Benedicta
1153 199 1261 242 ubera,

953 246 1053 278 Lacte
1077 256 1211 287 quorum
1236 252 1348 280 tenera

1001 294 1080 327 Eius
1106 298 1193 326 aetas
1219 295 1326 336 alitur,

956 342 1015 381 Qui
1043 343 1138 383 digne
1163 341 1359 374 sumentibus

956 388 1052 421 Cibus
1078 393 1127 420 est
1152 389 1358 422 credentibus

1003 436 1071 468 Nec
1103 441 1249 477 sumptus
1280 437 1487 468 consumitur.

871 527 922 559 13.
949 527 1143 558 Benedictus
1164 528 1277 567 gremii

874 858 926 889 14.

871 1182 923 1213 15.

870 1505 920 1536 16.

871 1829 926 1862 17.

867 2154 922 2187 18.

953 574 1058 606 Locus
1084 573 1143 606 Dei
1170 573 1226 606 filii

1003 622 1108 662 Digna
1135 621 1220 654 facta
1245 622 1354 660 sessio,

955 670 1015 709 Qui
1042 670 1135 702 simul
1162 669 1352 701 caelestibus

953 718 1120 749 Praesidet
1146 718 1312 758 spiritibus

999 766 1041 797 Et
1069 766 1196 796 fovetur
1220 766 1350 805 gremio.

954 857 1162 888 Benedictum
1189 856 1297 888 lectuli

955 905 1031 935 Vice
1057 908 1151 943 caput
1178 904 1304 943 parvuli

1003 951 1161 984 Refovens
1187 951 1415 992 pectusculum,

955 999 1033 1031 Cum
1059 999 1109 1032 vel
1135 1009 1263 1031 somnus
1291 999 1424 1038 capitur,

955 1048 1011 1078 Vel
1040 1048 1113 1079 dun]
1142 1058 1279 1079 mamma
1304 1047 1440 1078 sumitur

1003 1095 1090 1126 Sacri
1118 1095 1210 1126 lactis
1237 1095 1396 1135 poculum.

952 1181 1128 1212 Benedicta
1154 1181 1294 1218 brachia,

951 1228 1071 1267 Quibus
1097 1232 1228 1267 portans
1252 1228 1358 1260 omnia

1000 1276 1155 1307 Portitari
1181 1276 1298 1315 voluit3

952 1322 1079 1355 Simeon
1106 1323 1166 1354 hoc
1191 1324 1307 1363 gaudio

953 1370 1058 1402 Semel
1083 1369 1186 1402 fretus
1210 1371 1318 1402 taedio

999 1419 1100 1451 Usum
1127 1419 1210 1450 vitae
1236 1419 1357 1451 habuit.

950 1504 1126 1535 Benedicta
1151 1513 1298 1535 manuum

951 1551 1110 1590 Dignitas.
1137 1552 1190 1591 qui
1216 1557 1343 1583 actuum

1000 1599 1205 1631 Diversoruni
1232 1600 1337 1631 baiula

953 1647 1110 1686 Coaptant
1138 1648 1335 1686 panniculos,

950 1695 1010 1733 Qui
1037 1695 1204 1726 credentes
1229 1696 1364 1735 populos

999 1743 1143 1783 Purgant
1170 1744 1283 1783 culpae
1309 1745 1444 1777 macula.

954 1829 1129 1861 Benedicta
1155 1831 1269 1870 capitis

951 1876 1093 1918 Species,
1119 1877 1151 1908 in
1178 1878 1297 1910 abditis

999 1925 1132 1966 Semper
1157 1927 1299 1966 gaudens
1326 1927 1440 1968 occuli,

951 1972 1023 2004 Non
1050 1974 1153 2006 videri
1178 1975 1328 2013 gestiens,

953 2020 1015 2052 Sed
1043 2023 1154 2053 videre
1181 2021 1305 2062 fugiens

1002 2069 1133 2101 Omnem
1161 2079 1312 2110 pompam
1339 2071 1467 2104 saeculi.

949 2155 1143 2187 Benedictus
1167 2165 1333 2195 gressuum

949 2203 1067 2242 Motus⁷
1095 2211 1129 2234 se
1154 2204 1196 2234 ad
1222 2205 1359 2236 arduum

998 2250 1133 2291 Semper
1157 2251 1220 2283 iter
1247 2253 1388 2293 dirigens

951 2299 1057 2338 Atque
1082 2299 1114 2331 in
1141 2301 1288 2332 custodia

952 2345 1076 2386 Lapsus
1102 2347 1204 2378 omnis
1230 2349 1340 2380 nescia

998 2395 1090 2426 Viam
1118 2404 1205 2426 suam
1234 2397 1407 2437 corrigens.
