1651 2680
715 101 974 137 -308—

205 299 234 331 1.
263 295 417 328 Infernali
444 294 529 328 furia

311 343 428 376 Caesar
454 344 595 375 Iulianus

264 392 402 432 Rapitur
426 392 468 423 ad
493 390 614 423 inferos

310 444 470 479 tamquam
496 442 572 470 tunc
597 437 762 479 profanus,

265 488 341 519 Post
365 497 458 527 quem
483 491 605 528 regnat,
632 487 770 526 imperat

311 535 429 567 Caesar
454 535 613 573 Iovianus,

266 584 302 615 In
328 592 390 623 quo
415 584 532 624 gaudet
557 582 680 622 pariter

313 631 401 662 orbis
427 631 630 662 christianus.

207 709 239 740 2,
268 708 331 739 Hic
355 708 477 746 legatos
504 707 643 738 destinat

314 764 446 795 carpere
473 754 658 794 Corfinium,

268 803 487 835 Nicostratum
513 803 694 842 praesidem

316 855 347 882 et
372 851 512 883 Pardum
539 850 727 891 patricium,

264 899 323 938 Qui
349 907 410 929 non
437 902 569 939 possunt
595 898 716 928 viribus

312 946 422 985 Neque
448 955 506 985 per
530 946 703 985 ingenium,

268 993 347 1031 Nisi,
375 1003 415 1024 ex
442 1002 505 1035 quo
531 997 704 1033 martyrem

310 1041 449 1072 habuere
475 1041 650 1080 praevium.

207 1119 236 1150 3.
265 1118 306 1148 Hi
332 1117 438 1148 redire
465 1120 635 1156 coeperant

313 1168 472 1204 tamquam
499 1165 661 1203 desperati

265 1213 317 1244 Ad
344 1212 388 1249 id,
414 1221 473 1251 pro
497 1221 558 1251 quo
584 1216 737 1243 venerant

314 1260 408 1291 valde
434 1259 569 1299 fatigati,

267 1307 331 1339 Sed
356 1307 495 1338 iacentes
520 1307 637 1338 lectulo

315 1364 423 1385 somno
448 1355 600 1395 soporati,

267 1402 393 1441 Martyr
419 1402 466 1432 his
492 1401 641 1441 apparuit

314 1450 438 1480 dicens:
471 1449 515 1491 „0
542 1449 648 1489 legati,

814 209 871 242 IX.

892 296 924 328 4.
951 295 1028 334 Quis
1053 294 1165 336 honor,
1193 303 1274 334 quae
1299 294 1414 338 gloria,

999 343 1045 374 sic
1071 343 1259 383 repatriare,

949 391 1080 423 Leviter
1104 391 1257 430 incipere,

997 437 1118 470 frustra
1141 438 1302 478 laborare,

948 485 1072 518 Infecto
1097 487 1223 527 negotio

997 535 1077 566 nihil
1103 533 1345 566 consummare?

950 582 1032 614 Nam
1059 582 1140 614 solet
1167 581 1313 622 opificem

997 640 1078 670 opus
1106 630 1280 662 declarare.

919 732 926 739 .
952 707 1048 745 Ecce,
1076 710 1162 738 retro
1186 707 1301 746 cedite,

996 754 1076 785 nihil
1103 754 1266 795 dubitetis,

952 802 1034 833 Nam
1059 806 1189 833 auctore
1214 802 1350 833 Domino

1000 854 1115 881 terram
1144 850 1286 891 capietis,

953 897 1075 937 Corpus
1100 906 1204 928 meum
1230 899 1348 937 utique,

999 945 1083 984 quod
1109 946 1278 976 invenietis

950 993 1035 1024 Ante
1059 996 1182 1031 portam
1208 994 1357 1033 positum,

997 1040 1055 1071 sub
1081 1040 1148 1071 luto
1173 1040 1324 1072 tolletis.“

917 1141 924 1148 .
952 1116 994 1146 Hi
1022 1116 1130 1147 divino
1156 1126 1286 1148 munere

996 1167 1114 1195 terram
1141 1168 1340 1203 receperunt,

949 1212 1042 1242 quta
1068 1211 1187 1242 dictum
1213 1214 1364 1253 martyris

997 1267 1112 1298 corpus
1138 1259 1327 1292 invenerunt

949 1306 992 1337 Et
1018 1306 1079 1337 sibi
1105 1307 1267 1338 basilicam

998 1353 1043 1384 ibi
1069 1359 1324 1396 construxerunt,

951 1400 1007 1432 Cui
1030 1405 1128 1433 totam
1154 1404 1292 1442 patriam

997 1449 1110 1480 devote
1137 1450 1302 1485 dederunt.

583 1526 613 1557 7.
641 1525 731 1556 Hauc
757 1535 870 1556 novam
896 1525 1060 1557 basilicam

690 1576 778 1604 vetus
803 1574 994 1614 procreavit,

640 1620 834 1659 Cupressina
859 1630 975 1660 capsea

688 1677 802 1707 corpus
829 1668 1040 1708 conservavit,

640 1715 731 1754 Quod
757 1717 884 1755 praesul
911 1716 1096 1748 Gualterius

690 1763 817 1802 publice
842 1765 960 1795 locavit

643 1811 686 1842 Et
711 1811 812 1842 altare
839 1812 976 1851 desuper

689 1859 789 1890 maius
815 1860 987 1892 ordinavit.

589 1934 640 1966 ΗΟ
666 1935 740 1976 Eia,
768 1935 895 1977 fratres‚
922 1938 1024 1969 canite
1050 1942 1109 1969 etc.

272 2019 354 2047 Pass.
377 2029 428 2047 ms.
449 2020 641 2047 Sulmonense
665 2028 739 2047 saec.
764 2019 807 2046 11.
843 2021 913 2048 cod.
928 2023 1063 2050 Vatican.
1088 2022 1169 2050 1197.
1185 2024 1250 2050 add.
1266 2033 1342 2052 saec.
1360 2024 1404 2052 12.
1418 2027 1458 2054 in.
1471 2040 1511 2046 —

198 2058 224 2087 7,
246 2058 262 2085 5
283 2059 451 2086 Gualterius
473 2068 515 2094 ep.
539 2058 707 2085 Sulmonen.
731 2056 889 2086 1104—40.

593 2170 661 2201 283.
702 2171 742 2202 De
764 2179 787 2202 s.
809 2171 901 2202 Petro
922 2172 1107 2204 Caelestino.

211 2252 243 2283 1.
269 2251 381 2282 Petrus
409 2251 448 2282 de
473 2254 565 2291 petra
589 2251 726 2282 mittitur

316 2298 444 2330 Deserti
469 2302 605 2330 montem
632 2298 736 2330 visere

271 2346 356 2387 Sion,
384 2347 414 2377 in
442 2356 558 2387 papam
584 2347 708 2378 tollitur

315 2394 389 2426 Miti
416 2395 548 2426 vestitus
573 2395 710 2436 vellere3

954 2253 1102 2284 Fratrum
1128 2252 1228 2286 fastus
1256 2257 1442 2296 reprimitur

1001 2302 1091 2333 Novo
1117 2303 1237 2334 recisus
1264 2314 1402 2346 vomere,

954 2348 1068 2380 Gratia
1094 2350 1197 2382 clerus
1224 2352 1339 2384 colitur

999 2397 1076 2428 Iam
1101 2397 1179 2431 lucis
1206 2401 1275 2432 orto
1300 2401 1414 2435 sidere.
