<?xml version="1.0" encoding="UTF-8"?>
<!DOCTYPE html PUBLIC "-//W3C//DTD XHTML 1.0 Transitional//EN"
    "http://www.w3.org/TR/xhtml1/DTD/xhtml1-transitional.dtd">
<html xmlns="http://www.w3.org/1999/xhtml" xml:lang="en" lang="en">
 <head>
  <title>
</title>
<meta http-equiv="Content-Type" content="text/html;charset=utf-8" />
  <meta name='ocr-system' content='tesseract 3.04.00' />
  <meta name='ocr-capabilities' content='ocr_page ocr_carea ocr_par ocr_line ocrx_word'/>
</head>
<body>
  <div class='ocr_page' id='page_1' title='image "./analectahymnica46drevuoft/analectahymnica46drevuoft_0249.png"; bbox 0 0 1651 2680; ppageno 0'>
   <div class='ocr_carea' id='block_1_1' title="bbox 684 86 942 121">
    <p class='ocr_par' dir='ltr' id='par_1_1' title="bbox 684 86 942 121">
     <span class='ocr_line' id='line_1_1' title="bbox 684 86 942 121; baseline 0.004 -1"><span class='ocrx_word' id='word_1_1' title='bbox 684 86 942 121; x_wconf 85' lang='lat'>-246—</span> 
     </span>
    </p>
   </div>
   <div class='ocr_carea' id='block_1_2' title="bbox 170 181 1469 1016">
    <p class='ocr_par' dir='ltr' id='par_1_2' title="bbox 188 181 1469 805">
     <span class='ocr_line' id='line_1_2' title="bbox 197 181 1469 224; baseline -0.002 -9"><span class='ocrx_word' id='word_1_2' title='bbox 197 184 227 216; x_wconf 83' lang='lat'><strong>7.</strong></span> <span class='ocrx_word' id='word_1_3' title='bbox 257 183 379 223; x_wconf 83' lang='lat' dir='ltr'>Gaude,</span> <span class='ocrx_word' id='word_1_4' title='bbox 406 186 508 215; x_wconf 88' lang='lat' dir='ltr'><strong>mater</strong></span> <span class='ocrx_word' id='word_1_5' title='bbox 533 191 696 224; x_wconf 82' lang='lat' dir='ltr'><strong>generosa,</strong></span> <span class='ocrx_word' id='word_1_6' title='bbox 844 184 899 216; x_wconf 90' lang='lat'><strong>12.</strong></span> <span class='ocrx_word' id='word_1_7' title='bbox 926 182 976 215; x_wconf 84' lang='lat' dir='ltr'><strong>Sis</strong></span> <span class='ocrx_word' id='word_1_8' title='bbox 1001 193 1084 216; x_wconf 90' lang='lat' dir='ltr'><strong>nunc</strong></span> <span class='ocrx_word' id='word_1_9' title='bbox 1108 186 1211 214; x_wconf 85' lang='lat' dir='ltr'><strong>mater</strong></span> <span class='ocrx_word' id='word_1_10' title='bbox 1241 181 1469 222; x_wconf 84' lang='lat' dir='ltr'><strong>orphanorum,</strong></span> 
     </span>
     <span class='ocr_line' id='line_1_3' title="bbox 302 228 1334 272; baseline -0.003 -10"><span class='ocrx_word' id='word_1_11' title='bbox 302 230 411 262; x_wconf 89' lang='lat' dir='ltr'><strong>Arbor</strong></span> <span class='ocrx_word' id='word_1_12' title='bbox 436 228 612 272; x_wconf 83' lang='lat' dir='ltr'><strong>salutifera,</strong></span> <span class='ocrx_word' id='word_1_13' title='bbox 973 231 1088 263; x_wconf 85' lang='lat' dir='ltr'><strong>Tutrix</strong></span> <span class='ocrx_word' id='word_1_14' title='bbox 1113 230 1146 262; x_wconf 92' lang='lat' dir='ltr'><strong>in</strong></span> <span class='ocrx_word' id='word_1_15' title='bbox 1171 230 1334 271; x_wconf 81' lang='lat' dir='ltr'><strong>periculis⁷</strong></span> 
     </span>
     <span class='ocr_line' id='line_1_4' title="bbox 254 277 1430 320; baseline -0.003 -10"><span class='ocrx_word' id='word_1_16' title='bbox 254 279 334 315; x_wconf 91' lang='lat' dir='ltr'><strong>Ave,</strong></span> <span class='ocrx_word' id='word_1_17' title='bbox 361 287 379 309; x_wconf 95' lang='lat' dir='ltr'><strong>o</strong></span> <span class='ocrx_word' id='word_1_18' title='bbox 405 277 583 310; x_wconf 89' lang='lat' dir='ltr'><strong>Swecorum</strong></span> <span class='ocrx_word' id='word_1_19' title='bbox 611 287 691 320; x_wconf 86' lang='lat' dir='ltr'><strong>rosa,</strong></span> <span class='ocrx_word' id='word_1_20' title='bbox 927 278 968 310; x_wconf 90' lang='lat' dir='ltr'><strong>Et</strong></span> <span class='ocrx_word' id='word_1_21' title='bbox 995 278 1150 311; x_wconf 84' lang='lat' dir='ltr'>salvatrix</span> <span class='ocrx_word' id='word_1_22' title='bbox 1175 279 1219 311; x_wconf 89' lang='lat' dir='ltr'><strong>sis</strong></span> <span class='ocrx_word' id='word_1_23' title='bbox 1245 281 1430 310; x_wconf 89' lang='lat' dir='ltr'><strong>cunctorum</strong></span> 
     </span>
     <span class='ocr_line' id='line_1_5' title="bbox 301 324 1366 359; baseline 0 -3"><span class='ocrx_word' id='word_1_24' title='bbox 301 325 382 357; x_wconf 90' lang='lat' dir='ltr'><strong>Vitis</strong></span> <span class='ocrx_word' id='word_1_25' title='bbox 410 330 444 357; x_wconf 88' lang='lat' dir='ltr'><strong>tu</strong></span> <span class='ocrx_word' id='word_1_26' title='bbox 473 324 648 359; x_wconf 82' lang='lat' dir='ltr'><strong>fructifera.</strong></span> <span class='ocrx_word' id='word_1_27' title='bbox 975 327 1136 358; x_wconf 88' lang='lat' dir='ltr'><strong>Flentium</strong></span> <span class='ocrx_word' id='word_1_28' title='bbox 1162 327 1194 358; x_wconf 92' lang='lat' dir='ltr'><strong>in</strong></span> <span class='ocrx_word' id='word_1_29' title='bbox 1221 325 1366 358; x_wconf 71' lang='lat' dir='ltr'><strong>vinculis</strong></span> 
     </span>
     <span class='ocr_line' id='line_1_6' title="bbox 191 402 1364 444; baseline -0.003 -9"><span class='ocrx_word' id='word_1_30' title='bbox 191 404 224 435; x_wconf 84' lang='lat'><strong>8.</strong></span> <span class='ocrx_word' id='word_1_31' title='bbox 253 403 378 441; x_wconf 85' lang='lat' dir='ltr'><strong>Quanta</strong></span> <span class='ocrx_word' id='word_1_32' title='bbox 403 402 462 433; x_wconf 89' lang='lat' dir='ltr'><strong>tibi</strong></span> <span class='ocrx_word' id='word_1_33' title='bbox 486 402 641 433; x_wconf 73' lang='lat' dir='ltr'><strong>revelavit</strong></span> <span class='ocrx_word' id='word_1_34' title='bbox 842 404 898 437; x_wconf 81' lang='lat'><strong>13.</strong></span> <span class='ocrx_word' id='word_1_35' title='bbox 925 403 972 434; x_wconf 88' lang='lat' dir='ltr'><strong>Te</strong></span> <span class='ocrx_word' id='word_1_36' title='bbox 996 404 1132 436; x_wconf 86' lang='lat' dir='ltr'><strong>honorat</strong></span> <span class='ocrx_word' id='word_1_37' title='bbox 1156 407 1189 434; x_wconf 84' lang='lat' dir='ltr'><strong>et</strong></span> <span class='ocrx_word' id='word_1_38' title='bbox 1212 402 1364 444; x_wconf 78' lang='lat' dir='ltr'>implorat</span> 
     </span>
     <span class='ocr_line' id='line_1_7' title="bbox 302 449 1307 489; baseline 0.001 -9"><span class='ocrx_word' id='word_1_39' title='bbox 302 449 447 483; x_wconf 84' lang='lat' dir='ltr'><strong>Christus</strong></span> <span class='ocrx_word' id='word_1_40' title='bbox 474 450 591 481; x_wconf 90' lang='lat' dir='ltr'><strong>mundo</strong></span> <span class='ocrx_word' id='word_1_41' title='bbox 613 450 729 489; x_wconf 79' lang='lat' dir='ltr'><strong>lucida,</strong></span> <span class='ocrx_word' id='word_1_42' title='bbox 973 451 1054 483; x_wconf 80' lang='lat' dir='ltr'><strong>Tota.</strong></span> <span class='ocrx_word' id='word_1_43' title='bbox 1079 451 1307 487; x_wconf 84' lang='lat' dir='ltr'><strong>christianitas,</strong></span> 
     </span>
     <span class='ocr_line' id='line_1_8' title="bbox 252 497 1469 538; baseline -0.002 -8"><span class='ocrx_word' id='word_1_44' title='bbox 252 499 373 530; x_wconf 85' lang='lat' dir='ltr'><strong>Multos</strong></span> <span class='ocrx_word' id='word_1_45' title='bbox 399 507 457 537; x_wconf 90' lang='lat' dir='ltr'><strong>per</strong></span> <span class='ocrx_word' id='word_1_46' title='bbox 481 503 512 529; x_wconf 91' lang='lat' dir='ltr'><strong>te</strong></span> <span class='ocrx_word' id='word_1_47' title='bbox 537 498 720 533; x_wconf 80' lang='lat' dir='ltr'><strong>illustravit,</strong></span> <span class='ocrx_word' id='word_1_48' title='bbox 926 497 1469 538; x_wconf 83' lang='lat' dir='ltr'><strong>PerquammembrisChristirorat</strong></span> 
     </span>
     <span class='ocr_line' id='line_1_9' title="bbox 299 545 1301 578; baseline 0 -2"><span class='ocrx_word' id='word_1_49' title='bbox 299 546 432 577; x_wconf 85' lang='lat' dir='ltr'><strong>Gemma</strong></span> <span class='ocrx_word' id='word_1_50' title='bbox 459 546 529 577; x_wconf 86' lang='lat' dir='ltr'><strong>lesu</strong></span> <span class='ocrx_word' id='word_1_51' title='bbox 551 545 663 578; x_wconf 87' lang='lat' dir='ltr'><strong>nitida.</strong></span> <span class='ocrx_word' id='word_1_52' title='bbox 973 545 1124 578; x_wconf 81' lang='lat' dir='ltr'><strong>Caritatis</strong></span> <span class='ocrx_word' id='word_1_53' title='bbox 1151 549 1301 578; x_wconf 85' lang='lat' dir='ltr'><strong>suavitas.</strong></span> 
     </span>
     <span class='ocr_line' id='line_1_10' title="bbox 188 621 1361 662; baseline -0.002 -8"><span class='ocrx_word' id='word_1_54' title='bbox 188 623 221 654; x_wconf 86' lang='lat'><strong>9.</strong></span> <span class='ocrx_word' id='word_1_55' title='bbox 254 623 289 654; x_wconf 91' lang='lat' dir='ltr'><strong>In</strong></span> <span class='ocrx_word' id='word_1_56' title='bbox 317 622 461 653; x_wconf 86' lang='lat' dir='ltr'><strong>adversis</strong></span> <span class='ocrx_word' id='word_1_57' title='bbox 488 631 520 653; x_wconf 83' lang='lat' dir='ltr'><strong>es</strong></span> <span class='ocrx_word' id='word_1_58' title='bbox 548 622 693 660; x_wconf 78' lang='lat' dir='ltr'><strong>probata,</strong></span> <span class='ocrx_word' id='word_1_59' title='bbox 845 624 897 655; x_wconf 84' lang='lat'><strong>14.</strong></span> <span class='ocrx_word' id='word_1_60' title='bbox 925 621 1102 662; x_wconf 87' lang='lat' dir='ltr'><strong>Utriusque</strong></span> <span class='ocrx_word' id='word_1_61' title='bbox 1127 626 1239 661; x_wconf 80' lang='lat' dir='ltr'><strong>status,</strong></span> <span class='ocrx_word' id='word_1_62' title='bbox 1266 630 1361 654; x_wconf 83' lang='lat' dir='ltr'><strong>sexus</strong></span> 
     </span>
     <span class='ocr_line' id='line_1_11' title="bbox 302 668 1286 709; baseline 0.001 -8"><span class='ocrx_word' id='word_1_63' title='bbox 302 670 476 701; x_wconf 79' lang='lat' dir='ltr'><strong>Sanctitate</strong></span> <span class='ocrx_word' id='word_1_64' title='bbox 502 668 625 706; x_wconf 77' lang='lat' dir='ltr'><strong>florida,</strong></span> <span class='ocrx_word' id='word_1_65' title='bbox 973 669 1087 709; x_wconf 87' lang='lat' dir='ltr'><strong>Capita</strong></span> <span class='ocrx_word' id='word_1_66' title='bbox 1112 670 1286 709; x_wconf 84' lang='lat' dir='ltr'><strong>sanctifica,</strong></span> 
     </span>
     <span class='ocr_line' id='line_1_12' title="bbox 251 717 1381 756; baseline 0 -8"><span class='ocrx_word' id='word_1_67' title='bbox 251 717 359 749; x_wconf 87' lang='lat' dir='ltr'><strong>Nobili</strong></span> <span class='ocrx_word' id='word_1_68' title='bbox 387 719 426 748; x_wconf 84' lang='lat' dir='ltr'><strong>de</strong></span> <span class='ocrx_word' id='word_1_69' title='bbox 451 719 551 756; x_wconf 87' lang='lat' dir='ltr'><strong>stirpe</strong></span> <span class='ocrx_word' id='word_1_70' title='bbox 578 722 662 754; x_wconf 81' lang='lat' dir='ltr'><strong>nata,</strong></span> <span class='ocrx_word' id='word_1_71' title='bbox 924 717 960 748; x_wconf 91' lang='lat' dir='ltr'><strong>In</strong></span> <span class='ocrx_word' id='word_1_72' title='bbox 986 717 1035 748; x_wconf 90' lang='lat' dir='ltr'><strong>his</strong></span> <span class='ocrx_word' id='word_1_73' title='bbox 1061 718 1101 749; x_wconf 91' lang='lat' dir='ltr'><strong>sit</strong></span> <span class='ocrx_word' id='word_1_74' title='bbox 1127 718 1245 749; x_wconf 88' lang='lat' dir='ltr'><strong>amoris</strong></span> <span class='ocrx_word' id='word_1_75' title='bbox 1271 726 1381 753; x_wconf 77' lang='lat' dir='ltr'><strong>nexus,</strong></span> 
     </span>
     <span class='ocr_line' id='line_1_13' title="bbox 301 765 1297 805; baseline 0.001 -10"><span class='ocrx_word' id='word_1_76' title='bbox 301 766 471 805; x_wconf 84' lang='lat' dir='ltr'><strong>Peregrina</strong></span> <span class='ocrx_word' id='word_1_77' title='bbox 497 765 636 805; x_wconf 85' lang='lat' dir='ltr'><strong>placida.</strong></span> <span class='ocrx_word' id='word_1_78' title='bbox 972 765 1037 796; x_wconf 87' lang='lat' dir='ltr'><strong>Iam</strong></span> <span class='ocrx_word' id='word_1_79' title='bbox 1064 773 1134 796; x_wconf 87' lang='lat' dir='ltr'><strong>reos</strong></span> <span class='ocrx_word' id='word_1_80' title='bbox 1160 765 1297 796; x_wconf 86' lang='lat' dir='ltr'><strong>vivifiea.</strong></span> 
     </span>
    </p>

    <p class='ocr_par' dir='ltr' id='par_1_3' title="bbox 170 841 1444 1016">
     <span class='ocr_line' id='line_1_14' title="bbox 170 841 1362 878; baseline -0.001 -6"><span class='ocrx_word' id='word_1_81' title='bbox 170 841 224 873; x_wconf 87' lang='lat'><strong>10.</strong></span> <span class='ocrx_word' id='word_1_82' title='bbox 252 842 457 873; x_wconf 85' lang='lat' dir='ltr'><strong>Perlustrasti</strong></span> <span class='ocrx_word' id='word_1_83' title='bbox 484 842 551 872; x_wconf 76' lang='lat' dir='ltr'><strong>loca</strong></span> <span class='ocrx_word' id='word_1_84' title='bbox 578 845 688 872; x_wconf 87' lang='lat' dir='ltr'><strong>sancta</strong></span> <span class='ocrx_word' id='word_1_85' title='bbox 841 843 894 874; x_wconf 84' lang='lat'><strong>15.</strong></span> <span class='ocrx_word' id='word_1_86' title='bbox 922 842 1068 872; x_wconf 82' lang='lat' dir='ltr'><strong>Amatrix</strong></span> <span class='ocrx_word' id='word_1_87' title='bbox 1095 841 1138 872; x_wconf 91' lang='lat' dir='ltr'><strong>sis</strong></span> <span class='ocrx_word' id='word_1_88' title='bbox 1165 841 1362 878; x_wconf 71' lang='lat' dir='ltr'><strong>clericorum,</strong></span> 
     </span>
     <span class='ocr_line' id='line_1_15' title="bbox 295 888 1388 929; baseline -0.001 -9"><span class='ocrx_word' id='word_1_89' title='bbox 295 890 386 920; x_wconf 84' lang='lat' dir='ltr'><strong>Iussu</strong></span> <span class='ocrx_word' id='word_1_90' title='bbox 413 889 532 920; x_wconf 76' lang='lat' dir='ltr'><strong>Christi</strong></span> <span class='ocrx_word' id='word_1_91' title='bbox 558 888 696 929; x_wconf 89' lang='lat' dir='ltr'><strong>Domini,</strong></span> <span class='ocrx_word' id='word_1_92' title='bbox 969 889 1079 920; x_wconf 81' lang='lat' dir='ltr'><strong>Reduc</strong></span> <span class='ocrx_word' id='word_1_93' title='bbox 1105 894 1234 920; x_wconf 86' lang='lat' dir='ltr'><strong>cunctos</strong></span> <span class='ocrx_word' id='word_1_94' title='bbox 1260 888 1388 920; x_wconf 86' lang='lat' dir='ltr'><strong>ordines</strong></span> 
     </span>
     <span class='ocr_line' id='line_1_16' title="bbox 245 936 1444 977; baseline 0 -10"><span class='ocrx_word' id='word_1_95' title='bbox 245 936 468 967; x_wconf 81' lang='lat' dir='ltr'><strong>Doctrinarum</strong></span> <span class='ocrx_word' id='word_1_96' title='bbox 496 936 581 968; x_wconf 81' lang='lat' dir='ltr'><strong>clara</strong></span> <span class='ocrx_word' id='word_1_97' title='bbox 608 937 726 977; x_wconf 86' lang='lat' dir='ltr'><strong>planta,</strong></span> <span class='ocrx_word' id='word_1_98' title='bbox 921 936 972 967; x_wconf 82' lang='lat' dir='ltr'><strong>Ad</strong></span> <span class='ocrx_word' id='word_1_99' title='bbox 1000 936 1175 976; x_wconf 78' lang='lat' dir='ltr'><strong>perfectam</strong></span> <span class='ocrx_word' id='word_1_100' title='bbox 1202 936 1285 968; x_wconf 86' lang='lat' dir='ltr'><strong>viam</strong></span> <span class='ocrx_word' id='word_1_101' title='bbox 1312 945 1444 975; x_wconf 87' lang='lat' dir='ltr'><strong>morum,</strong></span> 
     </span>
     <span class='ocr_line' id='line_1_17' title="bbox 294 983 1373 1016; baseline 0.002 -2"><span class='ocrx_word' id='word_1_102' title='bbox 294 985 405 1015; x_wconf 87' lang='lat' dir='ltr'><strong>Honor</strong></span> <span class='ocrx_word' id='word_1_103' title='bbox 432 984 491 1015; x_wconf 88' lang='lat' dir='ltr'><strong>Dei</strong></span> <span class='ocrx_word' id='word_1_104' title='bbox 516 984 645 1015; x_wconf 85' lang='lat' dir='ltr'><strong>nomini.</strong></span> <span class='ocrx_word' id='word_1_105' title='bbox 970 985 1081 1016; x_wconf 81' lang='lat' dir='ltr'><strong>Flecte</strong></span> <span class='ocrx_word' id='word_1_106' title='bbox 1107 984 1189 1015; x_wconf 81' lang='lat' dir='ltr'><strong>caeli</strong></span> <span class='ocrx_word' id='word_1_107' title='bbox 1214 983 1373 1016; x_wconf 63' lang='lat' dir='ltr'><strong>cardines</strong></span> 
     </span>
    </p>
   </div>
   <div class='ocr_carea' id='block_1_3' title="bbox 164 1059 1395 1243">
    <p class='ocr_par' dir='ltr' id='par_1_4' title="bbox 164 1059 1395 1147">
     <span class='ocr_line' id='line_1_18' title="bbox 164 1059 1395 1101; baseline 0.001 -11"><span class='ocrx_word' id='word_1_108' title='bbox 164 1061 218 1092; x_wconf 87' lang='lat'><strong>11.</strong></span> <span class='ocrx_word' id='word_1_109' title='bbox 248 1059 295 1090; x_wconf 90' lang='lat' dir='ltr'><strong>Tu</strong></span> <span class='ocrx_word' id='word_1_110' title='bbox 318 1060 467 1091; x_wconf 87' lang='lat' dir='ltr'><strong>virtutum</strong></span> <span class='ocrx_word' id='word_1_111' title='bbox 495 1060 628 1100; x_wconf 88' lang='lat' dir='ltr'><strong>pulcher</strong></span> <span class='ocrx_word' id='word_1_112' title='bbox 653 1061 773 1099; x_wconf 66' lang='lat' dir='ltr'><strong>hortm,</strong></span> <span class='ocrx_word' id='word_1_113' title='bbox 838 1061 889 1094; x_wconf 84' lang='lat'><strong>16.</strong></span> <span class='ocrx_word' id='word_1_114' title='bbox 919 1060 1031 1091; x_wconf 89' lang='lat' dir='ltr'><strong>Pacem</strong></span> <span class='ocrx_word' id='word_1_115' title='bbox 1059 1060 1174 1101; x_wconf 82' lang='lat' dir='ltr'><strong>regnis,</strong></span> <span class='ocrx_word' id='word_1_116' title='bbox 1202 1059 1263 1091; x_wconf 91' lang='lat' dir='ltr'><strong>Dei</strong></span> <span class='ocrx_word' id='word_1_117' title='bbox 1294 1060 1395 1091; x_wconf 88' lang='lat' dir='ltr'><strong>zelum</strong></span> 
     </span>
     <span class='ocr_line' id='line_1_19' title="bbox 295 1107 1382 1147; baseline 0 -8"><span class='ocrx_word' id='word_1_118' title='bbox 295 1109 357 1139; x_wconf 84' lang='lat' dir='ltr'><strong>Vas</strong></span> <span class='ocrx_word' id='word_1_119' title='bbox 383 1117 503 1139; x_wconf 87' lang='lat' dir='ltr'><strong>morum</strong></span> <span class='ocrx_word' id='word_1_120' title='bbox 530 1108 742 1146; x_wconf 76' lang='lat' dir='ltr'><strong>purissimum,</strong></span> <span class='ocrx_word' id='word_1_121' title='bbox 966 1108 1095 1140; x_wconf 86' lang='lat' dir='ltr'><strong>Cunctis</strong></span> <span class='ocrx_word' id='word_1_122' title='bbox 1123 1107 1206 1139; x_wconf 90' lang='lat' dir='ltr'><strong>datis</strong></span> <span class='ocrx_word' id='word_1_123' title='bbox 1233 1107 1382 1147; x_wconf 88' lang='lat' dir='ltr'><strong>precibus</strong></span> 
     </span>
    </p>

    <p class='ocr_par' dir='ltr' id='par_1_5' title="bbox 246 1155 1389 1243">
     <span class='ocr_line' id='line_1_20' title="bbox 246 1155 1373 1197; baseline 0.001 -12"><span class='ocrx_word' id='word_1_124' title='bbox 246 1155 293 1186; x_wconf 90' lang='lat' dir='ltr'><strong>Tu</strong></span> <span class='ocrx_word' id='word_1_125' title='bbox 319 1155 429 1186; x_wconf 80' lang='lat' dir='ltr'><strong>salutis</strong></span> <span class='ocrx_word' id='word_1_126' title='bbox 456 1156 557 1187; x_wconf 87' lang='lat' dir='ltr'><strong>laetus</strong></span> <span class='ocrx_word' id='word_1_127' title='bbox 583 1160 702 1197; x_wconf 85' lang='lat' dir='ltr'><strong>portus,</strong></span> <span class='ocrx_word' id='word_1_128' title='bbox 915 1155 1101 1188; x_wconf 85' lang='lat' dir='ltr'><strong>Electorum</strong></span> <span class='ocrx_word' id='word_1_129' title='bbox 1128 1164 1225 1194; x_wconf 88' lang='lat' dir='ltr'><strong>posce</strong></span> <span class='ocrx_word' id='word_1_130' title='bbox 1251 1155 1373 1187; x_wconf 89' lang='lat' dir='ltr'><strong>caelum</strong></span> 
     </span>
     <span class='ocr_line' id='line_1_21' title="bbox 295 1202 1389 1243; baseline 0.003 -10"><span class='ocrx_word' id='word_1_131' title='bbox 295 1202 388 1234; x_wconf 85' lang='lat' dir='ltr'><strong>Sidus</strong></span> <span class='ocrx_word' id='word_1_132' title='bbox 415 1203 719 1243; x_wconf 83' lang='lat' dir='ltr'><strong>splendidissimum.</strong></span> <span class='ocrx_word' id='word_1_133' title='bbox 961 1204 1111 1235; x_wconf 87' lang='lat' dir='ltr'><strong>Aeternis</strong></span> <span class='ocrx_word' id='word_1_134' title='bbox 1137 1212 1207 1234; x_wconf 88' lang='lat' dir='ltr'><strong>cum</strong></span> <span class='ocrx_word' id='word_1_135' title='bbox 1230 1203 1389 1236; x_wconf 80' lang='lat' dir='ltr'><strong>laudibus.</strong></span> 
     </span>
    </p>
   </div>
   <div class='ocr_carea' id='block_1_4' title="bbox 227 1277 1205 1313">
    <p class='ocr_par' dir='ltr' id='par_1_6' title="bbox 227 1277 1205 1313">
     <span class='ocr_line' id='line_1_22' title="bbox 227 1277 1205 1313; baseline -0.001 -8"><span class='ocrx_word' id='word_1_136' title='bbox 227 1279 309 1305; x_wconf 82' lang='lat' dir='ltr'><strong>Brev.</strong></span> <span class='ocrx_word' id='word_1_137' title='bbox 333 1287 385 1304; x_wconf 53' lang='grc' dir='ltr'><strong>ηις.</strong></span> <span class='ocrx_word' id='word_1_138' title='bbox 407 1279 671 1313; x_wconf 73' lang='lat' dir='ltr'><strong>(inadenbergense</strong></span> <span class='ocrx_word' id='word_1_139' title='bbox 695 1287 770 1305; x_wconf 68' lang='lat' dir='ltr'><strong>suen.</strong></span> <span class='ocrx_word' id='word_1_140' title='bbox 796 1277 837 1305; x_wconf 84' lang='lat'><strong>15.</strong></span> <span class='ocrx_word' id='word_1_141' title='bbox 879 1278 939 1306; x_wconf 83' lang='lat' dir='ltr'><strong>Cod</strong></span> <span class='ocrx_word' id='word_1_142' title='bbox 963 1279 1111 1305; x_wconf 81' lang='lat' dir='ltr'><strong>Holinien.</strong></span> <span class='ocrx_word' id='word_1_143' title='bbox 1134 1288 1158 1305; x_wconf 77' lang='lat' dir='ltr'><strong>s.</strong></span> <span class='ocrx_word' id='word_1_144' title='bbox 1178 1287 1205 1304; x_wconf 86' lang='lat' dir='ltr'><strong>n.</strong></span> 
     </span>
    </p>
   </div>
   <div class='ocr_carea' id='block_1_5' title="bbox 575 1408 1026 1447">
    <p class='ocr_par' dir='ltr' id='par_1_7' title="bbox 575 1408 1026 1447">
     <span class='ocr_line' id='line_1_23' title="bbox 575 1408 1026 1447; baseline 0 -9"><span class='ocrx_word' id='word_1_145' title='bbox 575 1409 642 1439; x_wconf 30' lang='lat'><strong>200⁴</strong></span> <span class='ocrx_word' id='word_1_146' title='bbox 686 1410 726 1439; x_wconf 84' lang='lat' dir='ltr'><strong>De</strong></span> <span class='ocrx_word' id='word_1_147' title='bbox 749 1411 858 1439; x_wconf 85' lang='lat' dir='ltr'><strong>sancta</strong></span> <span class='ocrx_word' id='word_1_148' title='bbox 876 1408 1026 1447; x_wconf 81' lang='lat' dir='ltr'><strong>Birgitta.</strong></span> 
     </span>
    </p>
   </div>
   <div class='ocr_carea' id='block_1_6' title="bbox 189 1499 1462 1684">
    <p class='ocr_par' dir='ltr' id='par_1_8' title="bbox 189 1499 1462 1684">
     <span class='ocr_line' id='line_1_24' title="bbox 189 1499 1406 1539; baseline 0.001 -7"><span class='ocrx_word' id='word_1_149' title='bbox 189 1501 218 1535; x_wconf 87' lang='grc'><strong>1,.</strong></span> <span class='ocrx_word' id='word_1_150' title='bbox 246 1501 270 1532; x_wconf 91' lang='grc' dir='ltr'><strong>Ο</strong></span> <span class='ocrx_word' id='word_1_151' title='bbox 298 1500 443 1539; x_wconf 81' lang='lat' dir='ltr'><strong>Birgitta‚</strong></span> <span class='ocrx_word' id='word_1_152' title='bbox 469 1499 561 1531; x_wconf 86' lang='lat' dir='ltr'><strong>stella</strong></span> <span class='ocrx_word' id='word_1_153' title='bbox 588 1500 684 1537; x_wconf 72' lang='lat' dir='ltr'><strong>clara,</strong></span> <span class='ocrx_word' id='word_1_154' title='bbox 859 1501 889 1533; x_wconf 84' lang='lat'><strong>2.</strong></span> <span class='ocrx_word' id='word_1_155' title='bbox 917 1499 1044 1532; x_wconf 88' lang='lat' dir='ltr'><strong>Mentes</strong></span> <span class='ocrx_word' id='word_1_156' title='bbox 1070 1504 1196 1532; x_wconf 88' lang='lat' dir='ltr'><strong>nostras</strong></span> <span class='ocrx_word' id='word_1_157' title='bbox 1222 1506 1253 1533; x_wconf 88' lang='lat' dir='ltr'><strong>et</strong></span> <span class='ocrx_word' id='word_1_158' title='bbox 1278 1500 1406 1533; x_wconf 84' lang='lat' dir='ltr'><strong>illustra</strong></span> 
     </span>
     <span class='ocr_line' id='line_1_25' title="bbox 291 1547 1261 1591; baseline 0 -11"><span class='ocrx_word' id='word_1_159' title='bbox 291 1548 405 1580; x_wconf 88' lang='lat' dir='ltr'><strong>Genita</strong></span> <span class='ocrx_word' id='word_1_160' title='bbox 432 1549 463 1578; x_wconf 90' lang='lat' dir='ltr'><strong>in</strong></span> <span class='ocrx_word' id='word_1_161' title='bbox 490 1548 613 1584; x_wconf 67' lang='lat' dir='ltr'><strong>Suecia,</strong></span> <span class='ocrx_word' id='word_1_162' title='bbox 964 1547 1050 1579; x_wconf 89' lang='lat' dir='ltr'><strong>Luce</strong></span> <span class='ocrx_word' id='word_1_163' title='bbox 1074 1549 1261 1591; x_wconf 81' lang='lat' dir='ltr'><strong>sapientiae,</strong></span> 
     </span>
     <span class='ocr_line' id='line_1_26' title="bbox 246 1594 1462 1636; baseline 0.002 -9"><span class='ocrx_word' id='word_1_164' title='bbox 246 1596 288 1628; x_wconf 92' lang='lat' dir='ltr'><strong>Ut</strong></span> <span class='ocrx_word' id='word_1_165' title='bbox 314 1595 360 1626; x_wconf 92' lang='lat' dir='ltr'><strong>sol</strong></span> <span class='ocrx_word' id='word_1_166' title='bbox 387 1594 509 1635; x_wconf 85' lang='lat' dir='ltr'><strong>fulgens</strong></span> <span class='ocrx_word' id='word_1_167' title='bbox 535 1594 605 1625; x_wconf 89' lang='lat' dir='ltr'><strong>luce</strong></span> <span class='ocrx_word' id='word_1_168' title='bbox 632 1595 717 1626; x_wconf 88' lang='lat' dir='ltr'><strong>clara</strong></span> <span class='ocrx_word' id='word_1_169' title='bbox 917 1596 1003 1634; x_wconf 78' lang='lat' dir='ltr'><strong>Quae</strong></span> <span class='ocrx_word' id='word_1_170' title='bbox 1030 1595 1211 1636; x_wconf 80' lang='lat' dir='ltr'><strong>praefulges</strong></span> <span class='ocrx_word' id='word_1_171' title='bbox 1237 1602 1301 1629; x_wconf 88' lang='lat' dir='ltr'><strong>tam</strong></span> <span class='ocrx_word' id='word_1_172' title='bbox 1329 1602 1462 1629; x_wconf 83' lang='lat' dir='ltr'><strong>venusta</strong></span> 
     </span>
     <span class='ocr_line' id='line_1_27' title="bbox 289 1643 1333 1684; baseline 0.001 -10"><span class='ocrx_word' id='word_1_173' title='bbox 289 1644 338 1674; x_wconf 85' lang='lat' dir='ltr'><strong>Ex</strong></span> <span class='ocrx_word' id='word_1_174' title='bbox 367 1643 474 1674; x_wconf 90' lang='lat' dir='ltr'><strong>divina</strong></span> <span class='ocrx_word' id='word_1_175' title='bbox 500 1644 612 1683; x_wconf 77' lang='lat' dir='ltr'><strong>gratia,</strong></span> <span class='ocrx_word' id='word_1_176' title='bbox 966 1644 1174 1676; x_wconf 84' lang='lat' dir='ltr'><strong>Multiformis</strong></span> <span class='ocrx_word' id='word_1_177' title='bbox 1200 1646 1333 1684; x_wconf 84' lang='lat' dir='ltr'><strong>gratiae.</strong></span> 
     </span>
    </p>
   </div>
   <div class='ocr_carea' id='block_1_7' title="bbox 146 1717 1461 1831">
    <p class='ocr_par' dir='ltr' id='par_1_9' title="bbox 146 1717 1461 1831">
     <span class='ocr_line' id='line_1_28' title="bbox 224 1717 1461 1757; baseline 0.002 -11"><span class='ocrx_word' id='word_1_178' title='bbox 224 1719 392 1753; x_wconf 81' lang='lat' dir='ltr'><strong>Klemming</strong></span> <span class='ocrx_word' id='word_1_179' title='bbox 413 1720 440 1750; x_wconf 81' lang='grc' dir='ltr'><strong>Ι,</strong></span> <span class='ocrx_word' id='word_1_180' title='bbox 468 1717 513 1745; x_wconf 75' lang='grc'><strong>34.</strong></span> <span class='ocrx_word' id='word_1_181' title='bbox 534 1733 571 1737; x_wconf 87' lang='lat'>—</span> <span class='ocrx_word' id='word_1_182' title='bbox 592 1719 647 1745; x_wconf 85' lang='lat' dir='ltr'><strong>Mit</strong></span> <span class='ocrx_word' id='word_1_183' title='bbox 674 1719 724 1746; x_wconf 86' lang='lat' dir='ltr'><strong>dei·</strong></span> <span class='ocrx_word' id='word_1_184' title='bbox 744 1718 879 1755; x_wconf 83' lang='lat' dir='ltr'><strong>Angabe:</strong></span> <span class='ocrx_word' id='word_1_185' title='bbox 909 1721 956 1753; x_wconf 58' lang='grc' dir='ltr'><strong>ηδ.</strong></span> <span class='ocrx_word' id='word_1_186' title='bbox 977 1720 1057 1755; x_wconf 87' lang='lat' dir='ltr'><strong>Birg.</strong></span> <span class='ocrx_word' id='word_1_187' title='bbox 1079 1721 1191 1754; x_wconf 88' lang='lat' dir='ltr'><strong>Openb.</strong></span> <span class='ocrx_word' id='word_1_188' title='bbox 1212 1720 1282 1748; x_wconf 85' lang='lat' dir='ltr'>IX.“</span> <span class='ocrx_word' id='word_1_189' title='bbox 1325 1720 1366 1747; x_wconf 88' lang='lat' dir='ltr'><strong>Es</strong></span> <span class='ocrx_word' id='word_1_190' title='bbox 1387 1721 1461 1757; x_wconf 81' lang='lat' dir='ltr'><strong>folgt</strong></span> 
     </span>
     <span class='ocr_line' id='line_1_29' title="bbox 147 1757 1461 1792; baseline 0.004 -10"><span class='ocrx_word' id='word_1_191' title='bbox 147 1757 225 1783; x_wconf 81' lang='lat' dir='ltr'><strong>daim</strong></span> <span class='ocrx_word' id='word_1_192' title='bbox 250 1758 326 1784; x_wconf 79' lang='lat' dir='ltr'><strong>noch</strong></span> <span class='ocrx_word' id='word_1_193' title='bbox 356 1757 403 1783; x_wconf 81' lang='lat' dir='ltr'><strong>die</strong></span> <span class='ocrx_word' id='word_1_194' title='bbox 426 1757 574 1792; x_wconf 81' lang='lat' dir='ltr'><strong>Antiphon</strong></span> <span class='ocrx_word' id='word_1_195' title='bbox 595 1758 674 1784; x_wconf 77' lang='lat' dir='ltr'><strong>Rosa</strong></span> <span class='ocrx_word' id='word_1_196' title='bbox 702 1765 804 1784; x_wconf 82' lang='lat' dir='ltr'><strong>rorans</strong></span> <span class='ocrx_word' id='word_1_197' title='bbox 829 1759 983 1784; x_wconf 82' lang='lat' dir='ltr'><strong>veritatem</strong></span> <span class='ocrx_word' id='word_1_198' title='bbox 1009 1760 1102 1789; x_wconf 70' lang='lat' dir='ltr'><strong>(sonat</strong></span> <span class='ocrx_word' id='word_1_199' title='bbox 1127 1759 1302 1792; x_wconf 78' lang='lat' dir='ltr'><strong>bonitatem)</strong></span> <span class='ocrx_word' id='word_1_200' title='bbox 1322 1768 1375 1786; x_wconf 83' lang='lat' dir='ltr'><strong>aus</strong></span> <span class='ocrx_word' id='word_1_201' title='bbox 1396 1760 1461 1787; x_wconf 77' lang='lat' dir='ltr'><strong>deni</strong></span> 
     </span>
     <span class='ocr_line' id='line_1_30' title="bbox 146 1793 826 1831; baseline 0 -9"><span class='ocrx_word' id='word_1_202' title='bbox 146 1795 280 1822; x_wconf 86' lang='lat' dir='ltr'><strong>Officium</strong></span> <span class='ocrx_word' id='word_1_203' title='bbox 302 1796 352 1823; x_wconf 76' lang='lat' dir='ltr'><strong>der</strong></span> <span class='ocrx_word' id='word_1_204' title='bbox 374 1795 521 1831; x_wconf 74' lang='lat' dir='ltr'><strong>Heiligen,</strong></span> <span class='ocrx_word' id='word_1_205' title='bbox 544 1796 627 1822; x_wconf 62' lang='lat' dir='ltr'><strong>Anat</strong></span> <span class='ocrx_word' id='word_1_206' title='bbox 649 1795 740 1827; x_wconf 82' lang='lat' dir='ltr'>XXV,</span> <span class='ocrx_word' id='word_1_207' title='bbox 764 1793 826 1822; x_wconf 81' lang='lat'>162.</span> 
     </span>
    </p>
   </div>
   <div class='ocr_carea' id='block_1_8' title="bbox 580 1927 1024 1959">
    <p class='ocr_par' dir='ltr' id='par_1_10' title="bbox 580 1927 1024 1959">
     <span class='ocr_line' id='line_1_31' title="bbox 580 1927 1024 1959; baseline 0 -1"><span class='ocrx_word' id='word_1_208' title='bbox 580 1928 642 1958; x_wconf 80' lang='lat'>201.</span> <span class='ocrx_word' id='word_1_209' title='bbox 685 1928 725 1958; x_wconf 87' lang='lat' dir='ltr'><strong>De</strong></span> <span class='ocrx_word' id='word_1_210' title='bbox 746 1928 857 1958; x_wconf 84' lang='lat' dir='ltr'><strong>sancta</strong></span> <span class='ocrx_word' id='word_1_211' title='bbox 878 1927 1024 1959; x_wconf 82' lang='lat' dir='ltr'><strong>Caecilia.</strong></span> 
     </span>
    </p>
   </div>
   <div class='ocr_carea' id='block_1_9' title="bbox 184 2016 1412 2373">
    <p class='ocr_par' dir='ltr' id='par_1_11' title="bbox 185 2016 1342 2202">
     <span class='ocr_line' id='line_1_32' title="bbox 185 2016 1290 2059; baseline 0.002 -9"><span class='ocrx_word' id='word_1_212' title='bbox 185 2019 214 2050; x_wconf 90' lang='lat'><strong>1.</strong></span> <span class='ocrx_word' id='word_1_213' title='bbox 241 2016 346 2058; x_wconf 75' lang='lat' dir='ltr'><strong>Salve,</strong></span> <span class='ocrx_word' id='word_1_214' title='bbox 373 2022 482 2049; x_wconf 86' lang='lat' dir='ltr'><strong>sancta</strong></span> <span class='ocrx_word' id='word_1_215' title='bbox 508 2017 654 2052; x_wconf 84' lang='lat' dir='ltr'><strong>Caecilia,</strong></span> <span class='ocrx_word' id='word_1_216' title='bbox 855 2020 886 2051; x_wconf 88' lang='lat'><strong>3.</strong></span> <span class='ocrx_word' id='word_1_217' title='bbox 914 2017 1019 2059; x_wconf 84' lang='lat' dir='ltr'><strong>Salve,</strong></span> <span class='ocrx_word' id='word_1_218' title='bbox 1046 2020 1120 2059; x_wconf 88' lang='lat' dir='ltr'><strong>quia</strong></span> <span class='ocrx_word' id='word_1_219' title='bbox 1145 2020 1290 2059; x_wconf 81' lang='lat' dir='ltr'><strong>angelico</strong></span> 
     </span>
     <span class='ocr_line' id='line_1_33' title="bbox 240 2065 1279 2108; baseline 0.002 -11"><span class='ocrx_word' id='word_1_220' title='bbox 240 2067 323 2097; x_wconf 89' lang='lat' dir='ltr'><strong>Vere</strong></span> <span class='ocrx_word' id='word_1_221' title='bbox 349 2066 472 2097; x_wconf 86' lang='lat' dir='ltr'><strong>Mariae</strong></span> <span class='ocrx_word' id='word_1_222' title='bbox 497 2065 572 2103; x_wconf 89' lang='lat' dir='ltr'><strong>filia,</strong></span> <span class='ocrx_word' id='word_1_223' title='bbox 914 2066 1058 2106; x_wconf 83' lang='lat' dir='ltr'><strong>Aspectu</strong></span> <span class='ocrx_word' id='word_1_224' title='bbox 1084 2070 1113 2098; x_wconf 85' lang='lat' dir='ltr'><strong>et</strong></span> <span class='ocrx_word' id='word_1_225' title='bbox 1141 2067 1279 2108; x_wconf 91' lang='lat' dir='ltr'><strong>alloquio</strong></span> 
     </span>
     <span class='ocr_line' id='line_1_34' title="bbox 242 2112 1291 2155; baseline 0.002 -10"><span class='ocrx_word' id='word_1_226' title='bbox 242 2113 396 2153; x_wconf 86' lang='lat' dir='ltr'><strong>Sprevisti</strong></span> <span class='ocrx_word' id='word_1_227' title='bbox 423 2115 527 2145; x_wconf 87' lang='lat' dir='ltr'><strong>carnis</strong></span> <span class='ocrx_word' id='word_1_228' title='bbox 553 2112 639 2152; x_wconf 64' lang='lat' dir='ltr'><strong>vilia‚</strong></span> <span class='ocrx_word' id='word_1_229' title='bbox 915 2113 1138 2146; x_wconf 83' lang='lat' dir='ltr'><strong>Perfruebaris</strong></span> <span class='ocrx_word' id='word_1_230' title='bbox 1165 2116 1291 2155; x_wconf 86' lang='lat' dir='ltr'><strong>saepius</strong></span> 
     </span>
     <span class='ocr_line' id='line_1_35' title="bbox 244 2161 1342 2202; baseline 0.003 -11"><span class='ocrx_word' id='word_1_231' title='bbox 244 2162 331 2193; x_wconf 59' lang='lat' dir='ltr'><strong>(faeli</strong></span> <span class='ocrx_word' id='word_1_232' title='bbox 356 2162 469 2192; x_wconf 85' lang='lat' dir='ltr'><strong>amasti</strong></span> <span class='ocrx_word' id='word_1_233' title='bbox 495 2161 573 2193; x_wconf 85' lang='lat' dir='ltr'><strong>lilia.</strong></span> <span class='ocrx_word' id='word_1_234' title='bbox 916 2161 1037 2194; x_wconf 89' lang='lat' dir='ltr'><strong>Diebus</strong></span> <span class='ocrx_word' id='word_1_235' title='bbox 1063 2167 1158 2202; x_wconf 85' lang='lat' dir='ltr'><strong>atque</strong></span> <span class='ocrx_word' id='word_1_236' title='bbox 1183 2164 1342 2198; x_wconf 82' lang='lat' dir='ltr'><strong>noctibus,</strong></span> 
     </span>
    </p>

    <p class='ocr_par' dir='ltr' id='par_1_12' title="bbox 184 2237 1412 2373">
     <span class='ocr_line' id='line_1_36' title="bbox 184 2237 1412 2280; baseline 0 -9"><span class='ocrx_word' id='word_1_237' title='bbox 184 2240 216 2271; x_wconf 88' lang='lat'><strong>2.</strong></span> <span class='ocrx_word' id='word_1_238' title='bbox 245 2238 348 2278; x_wconf 87' lang='lat' dir='ltr'><strong>Salve,</strong></span> <span class='ocrx_word' id='word_1_239' title='bbox 376 2238 460 2277; x_wconf 88' lang='lat' dir='ltr'><strong>quod</strong></span> <span class='ocrx_word' id='word_1_240' title='bbox 486 2238 547 2270; x_wconf 87' lang='lat' dir='ltr'><strong>Dei</strong></span> <span class='ocrx_word' id='word_1_241' title='bbox 571 2237 670 2269; x_wconf 85' lang='lat' dir='ltr'><strong>filium</strong></span> <span class='ocrx_word' id='word_1_242' title='bbox 855 2241 887 2273; x_wconf 86' lang='lat'><strong>4.</strong></span> <span class='ocrx_word' id='word_1_243' title='bbox 916 2238 1020 2277; x_wconf 79' lang='lat' dir='ltr'><strong>Salve,</strong></span> <span class='ocrx_word' id='word_1_244' title='bbox 1048 2248 1166 2279; x_wconf 90' lang='lat' dir='ltr'><strong>sponsa</strong></span> <span class='ocrx_word' id='word_1_245' title='bbox 1191 2249 1261 2271; x_wconf 88' lang='lat' dir='ltr'><strong>cum</strong></span> <span class='ocrx_word' id='word_1_246' title='bbox 1288 2240 1412 2280; x_wconf 85' lang='lat' dir='ltr'><strong>virgine</strong></span> 
     </span>
     <span class='ocr_line' id='line_1_37' title="bbox 242 2285 1376 2327; baseline 0.001 -9"><span class='ocrx_word' id='word_1_247' title='bbox 242 2286 294 2318; x_wconf 92' lang='lat' dir='ltr'><strong>Sic</strong></span> <span class='ocrx_word' id='word_1_248' title='bbox 321 2285 462 2318; x_wconf 85' lang='lat' dir='ltr'><strong>dilexisti</strong></span> <span class='ocrx_word' id='word_1_249' title='bbox 487 2286 624 2324; x_wconf 86' lang='lat' dir='ltr'><strong>unicum,</strong></span> <span class='ocrx_word' id='word_1_250' title='bbox 916 2286 1002 2324; x_wconf 84' lang='lat' dir='ltr'><strong>Quae</strong></span> <span class='ocrx_word' id='word_1_251' title='bbox 1027 2296 1086 2326; x_wconf 90' lang='lat' dir='ltr'><strong>pro</strong></span> <span class='ocrx_word' id='word_1_252' title='bbox 1112 2291 1166 2318; x_wconf 92' lang='lat' dir='ltr'><strong>tuo</strong></span> <span class='ocrx_word' id='word_1_253' title='bbox 1192 2288 1376 2327; x_wconf 88' lang='lat' dir='ltr'><strong>precamine</strong></span> 
     </span>
     <span class='ocr_line' id='line_1_38' title="bbox 241 2334 1271 2373; baseline 0.002 -7"><span class='ocrx_word' id='word_1_254' title='bbox 241 2335 332 2373; x_wconf 81' lang='lat' dir='ltr'><strong>Quod</strong></span> <span class='ocrx_word' id='word_1_255' title='bbox 359 2335 425 2365; x_wconf 92' lang='lat' dir='ltr'><strong>eius</strong></span> <span class='ocrx_word' id='word_1_256' title='bbox 451 2334 648 2373; x_wconf 84' lang='lat' dir='ltr'><strong>evangelium</strong></span> <span class='ocrx_word' id='word_1_257' title='bbox 914 2334 997 2365; x_wconf 87' lang='lat' dir='ltr'><strong>Esse</strong></span> <span class='ocrx_word' id='word_1_258' title='bbox 1023 2344 1101 2367; x_wconf 89' lang='lat' dir='ltr'><strong>vera</strong></span> <span class='ocrx_word' id='word_1_259' title='bbox 1126 2335 1271 2368; x_wconf 87' lang='lat' dir='ltr'><strong>meruisti</strong></span> 
     </span>
    </p>
   </div>
   <div class='ocr_carea' id='block_1_10' title="bbox 242 2381 1397 2423">
    <p class='ocr_par' dir='ltr' id='par_1_13' title="bbox 242 2381 1397 2423">
     <span class='ocr_line' id='line_1_39' title="bbox 242 2381 1397 2423; baseline 0.003 -9"><span class='ocrx_word' id='word_1_260' title='bbox 242 2382 374 2423; x_wconf 86' lang='lat' dir='ltr'><strong>Semper</strong></span> <span class='ocrx_word' id='word_1_261' title='bbox 398 2383 530 2422; x_wconf 85' lang='lat' dir='ltr'><strong>gerebat</strong></span> <span class='ocrx_word' id='word_1_262' title='bbox 556 2391 611 2413; x_wconf 90' lang='lat' dir='ltr'><strong>cor</strong></span> <span class='ocrx_word' id='word_1_263' title='bbox 636 2389 733 2414; x_wconf 88' lang='lat' dir='ltr'><strong>tuum.</strong></span> <span class='ocrx_word' id='word_1_264' title='bbox 916 2381 1029 2414; x_wconf 84' lang='lat' dir='ltr'><strong>Gratia</strong></span> <span class='ocrx_word' id='word_1_265' title='bbox 1056 2386 1240 2423; x_wconf 83' lang='lat' dir='ltr'><strong>praestante</strong></span> <span class='ocrx_word' id='word_1_266' title='bbox 1266 2383 1397 2418; x_wconf 88' lang='lat' dir='ltr'><strong>Christi.</strong></span> 
     </span>
    </p>
   </div>
  </div>
 </body>
</html>
