1651 2680
748 94 1009 129 —356—

370 189 431 229 Qui
456 190 550 222 modo
575 195 648 222 sunt
675 190 724 223 vel
750 193 843 222 erunt
867 191 919 222 vel
944 191 999 231 qui
1022 199 1106 224 nunc
1130 199 1229 231 usque
1254 189 1390 225 fuerunt.

367 237 482 278 Fluxa,
510 239 640 278 caduca,
667 238 746 270 levis
773 238 877 269 carnis
903 238 1083 271 substantia
1107 239 1248 281 quaevis,

370 285 524 317 Crescens
552 286 719 323 decrescit,
746 286 894 325 quoniam
921 286 1094 319 crescendo
1120 287 1267 318 senescit.

288 335 342 367 55,
370 333 550 373 Nascimur,
578 338 611 366 ut
638 335 746 373 simuS,
774 343 890 376 sumus,
917 338 953 366 ut
977 343 1154 377 pereamus,
1183 339 1214 366 et
1239 335 1320 367 imus

368 381 460 419 Illuc,
488 382 572 413 unde
597 391 714 421 sumus,
742 382 816 420 qnia
841 386 960 414 terram
985 387 1074 415 terra
1098 382 1251 416 subimus.

367 429 469 460 Terra
495 439 614 471 sumus,
641 435 758 461 terram
787 430 916 461 colimus
942 434 1070 463 terrena
1095 439 1247 472 propago,

369 476 550 517 Instabiles,
579 476 718 518 fragiles,
745 478 906 516 mortales,
933 479 1044 510 mortis
1071 478 1183 518 imago.

368 524 455 556 Nudi
479 534 537 556 nos
563 535 670 557 omnes
698 526 737 557 de
763 528 850 556 terra
875 526 1028 565 venimus,
1052 535 1161 557 omnes

286 573 342 604 60.
369 572 456 604 Nudi
484 574 626 604 venimus
653 574 724 610 huc,
751 573 828 604 nudi
854 574 1060 606 transibimus
1085 573 1171 616 illuc,

366 620 440 652 Huc
465 621 544 651 nihil
570 622 744 657 attulimus,
771 620 850 651 nihil
875 621 950 652 hinc
974 622 1135 654 abducere
1161 622 1296 662 quimus,

367 667 421 700 Nil
448 668 640 700 abducemus
667 668 738 706 nisi,
765 669 792 699 si
819 668 898 700 bene
924 670 999 709 quid
1026 669 1190 708 faciemus,

368 715 431 747 Res
458 720 488 747 et
515 725 591 756 opes
615 717 706 754 tales,
734 719 853 753 tantae,
880 719 986 748 tamen
1013 718 1226 757 perpetuales‚

368 763 535 803 Nunquam
562 765 746 805 perdentur,
775 773 855 803 quae
881 774 938 796 nos
963 766 995 796 in
1025 769 1126 796 morte
1157 770 1339 805 sequentur.

287 812 341 843 65.
369 810 555 842 Sanctorum
582 813 695 843 merita
721 821 782 842 non
809 810 915 843 aufert
940 822 1024 844 mors
1051 821 1153 852 neque
1179 813 1254 853 vita,

367 858 438 890 Non
465 860 594 899 rapiunt
620 859 716 901 fures,
744 868 806 890 non
833 864 965 899 possunt
992 861 1106 892 rodere
1132 870 1248 894 mures.

365 906 451 946 Ergo
477 911 595 948 vacate,
624 907 708 945 boni,
736 916 798 938 non
825 908 914 938 carni
937 908 993 939 sed
1019 908 1147 946 rationi,

365 954 409 986 Ut
434 954 517 986 bona
542 956 673 997 paretis,
701 963 791 994 quae,
817 955 936 995 qualia,
963 961 1082 995 quanta
1106 956 1233 988 valetis.

365 1002 474 1033 Talem
501 1003 682 1034 thesaurum
708 1011 805 1041 super
830 1007 1006 1042 argentum,
1033 1012 1130 1044 super
1156 1013 1267 1035 aurum

285 1050 338 1082 70.
364 1050 513 1088 Quaerite
537 1051 764 1090 quaerendum,
791 1051 1018 1090 quaerentibus
1043 1052 1279 1084 inveniendum.

365 1097 419 1130 Me
445 1098 510 1129 scio
535 1108 596 1129 non
624 1097 740 1135 facere,
767 1099 850 1138 quod
877 1108 931 1130 vos
958 1107 1126 1139 praesumo
1153 1099 1284 1140 docere,

366 1145 419 1177 Me
445 1146 510 1177 scio
537 1146 676 1184 tardare,
703 1145 756 1185 qui
782 1155 838 1177 vos
865 1145 948 1177 facio
974 1155 1159 1187 properare.

366 1192 491 1224 Tardus
518 1197 706 1232 crescentes,
735 1193 924 1225 decrescens
950 1194 1165 1234 proficientes,

368 1240 501 1272 Sanctos
526 1241 677 1282 pollutus,
705 1250 834 1280 magnos
860 1242 991 1281 impello
1016 1244 1165 1275 minutuS.

287 1289 340 1320 75.
367 1287 505 1320 Mundos
531 1289 723 1329 immundus,
751 1289 955 1327 pudibundos
980 1290 1243 1331 impudibundus,

368 1335 478 1367 Cultos
503 1336 650 1373 incultus,
679 1337 853 1375 prudentes
880 1337 1004 1368 instruo
1030 1338 1155 1370 stultus.

367 1384 473 1422 Aeger
498 1388 637 1421 sanatos,
665 1383 852 1415 tenebrosus
879 1384 1080 1425 clarificatos,

370 1430 510 1461 Claudus
537 1432 701 1471 vadentes,
729 1440 839 1462 caecus
866 1432 1009 1472 produco
1035 1433 1190 1465 videntes.

368 1477 492 1517 Lapsus
517 1483 709 1517 constantes,
738 1479 913 1510 dormitans
939 1480 1139 1520 evigilantes,

286 1527 340 1558 80.
366 1525 472 1557 Durus
498 1530 714 1567 compunctos,
740 1527 824 1557 solus
851 1527 1019 1560 considero
1045 1532 1186 1560 cunctos.

366 1572 484 1604 Factor
509 1583 598 1612 opus,
627 1573 777 1605 famulum
808 1574 960 1606 Dominus
986 1576 1089 1607 salvet
1114 1580 1312 1618 pereuntem,

365 1620 479 1652 Pastor
503 1630 604 1659 ovem,
631 1622 753 1661 genitor
779 1622 921 1653 subolem
949 1627 1077 1655 revocet
1103 1622 1287 1664 fugientem.

367 1668 392 1699 Ο
419 1668 515 1707 Deus,
542 1678 560 1699 ο
586 1669 731 1710 Domine,
759 1669 827 1700 sine
853 1670 1021 1711 principio,
1047 1672 1115 1703 sine
1141 1671 1212 1714 fine,

367 1716 434 1748 Fac
460 1717 613 1748 miserans
637 1717 796 1748 hominem
822 1719 962 1756 peccatis
988 1728 1107 1758 ponere
1133 1719 1239 1753 finem.

302 1792 421 1819 Collect.
446 1801 497 1818 ms.
519 1792 700 1819 Voraviense
722 1800 798 1818 saec.
824 1790 896 1819 ¹²l1a.
938 1794 1008 1821 Cod.
1031 1796 1187 1822 Voravien.
1209 1794 1247 1824 33
1267 1796 1353 1832 (111).
1375 1812 1413 1817 -
1433 1796 1472 1826 34
1492 1798 1542 1826 hio

224 1831 378 1858 tribuatur,
400 1844 435 1848 —
456 1831 509 1856 Bei
530 1830 594 1856 dem
615 1831 756 1858 Gedichte
777 1831 828 1857 der
849 1832 941 1859 Name
962 1833 1012 1859 des
1034 1834 1200 1861 Verfassers
1221 1834 1449 1872 Rfidigerus.

653 1934 714 1964 313.
755 1932 797 1964 De
820 1933 969 1966 Vanitate
989 1935 1102 1967 Mundi.

237 2003 269 2035 1.
295 2003 379 2042 Quid
405 2003 438 2033 in
462 2003 523 2034 hac
548 2004 686 2045 miseria,
923 2007 954 2038 2.
982 2007 1084 2046 Opum
1111 2005 1284 2040 adfluentia

344 2050 465 2091 Miseri,
493 2051 684 2083 moramini?
1030 2056 1146 2087 Parum
1172 2057 1306 2094 prodest
1332 2058 1475 2102 homini,

295 2100 324 2129 A
349 2098 510 2129 mundana
535 2099 635 2138 gloria
982 2102 1097 2134 Mundi
1123 2103 1291 2146 sapientia,

344 2147 447 2186 Quare
473 2146 674 2178 delectamini
1030 2150 1120 2182 Sicut
1144 2150 1226 2183 bene
1251 2153 1391 2196 memini,

344 2194 417 2232 Vos,
444 2194 496 2234 qui
523 2195 700 2226 moriemini
1029 2199 1122 2229 quta
1150 2199 1281 2232 verbum
1308 2201 1439 2235 Domini

296 2242 522 2281 Relinquentes
548 2242 678 2275 omnia?
981 2246 1142 2285 Quaedam
1169 2251 1219 2278 est
1243 2249 1390 2284 stultitia.

340 2290 440 2327 Mors,
467 2290 519 2329 qui
546 2291 651 2330 parcit
677 2288 835 2335 [nemini],
1028 2293 1114 2326 Illud
1139 2294 1318 2336 intuemini,

294 2337 410 2370 Vestra
435 2338 525 2369 tollet
551 2339 685 2378 gaudia,
979 2341 1208 2381 Relinquentes
1234 2345 1312 2377 vitia

343 2385 396 2418 Sic
421 2386 637 2426 egrediemini.
1027 2390 1173 2422 Virtutes
1199 2393 1380 2433 sequimini.
