1651 2680
777 93 798 126 2

825 92 847 126 2

571 252 634 283 210.
675 251 717 282 De
738 252 846 282 sancto
868 248 1035 282 Dominico.

193 357 225 389 1.
253 355 278 386 Ο
305 356 415 385 sancte
440 352 616 387 Dominice,

253 401 424 433 Confessor
449 399 625 439 magnifice,

300 448 417 481 Christi
443 447 656 488 praedicator,

251 497 346 528 Fidei
373 495 547 526 catholicae

248 545 340 585 Pugil
368 548 399 574 et
425 543 603 574 haereticae

305 591 409 625 Pestis
436 591 641 629 exstirpator,

255 641 350 681 Legis
376 639 577 678 evangelicae

252 688 351 719 Simul
378 690 407 717 et
435 686 641 726 propheticae

298 736 439 766 Fervens
465 733 651 764 aemulator.

252 783 309 814 Pie
334 783 385 813 hic
411 790 468 812 nos
494 781 619 820 respice

253 832 365 862 Coram
392 838 512 859 summo
537 828 643 859 iudice

302 878 419 909 Noster
445 876 612 908 mediator.

881 352 912 383 2.
938 349 1012 391 Eia,
1038 352 1140 389 pater,
1167 355 1316 388 propera,

940 396 1120 429 Clementer
1144 395 1297 436 accelera,

986 445 1065 476 Iuva
1090 449 1121 474 te
1147 445 1303 483 rogantes,

940 493 1029 524 Inter
1054 491 1146 523 huius
1172 499 1285 529 aspera

941 539 1128 578 Saecnlique
1152 545 1307 578 prospera

989 587 1075 627 Rege
1098 585 1304 617 fluctuantes:

939 635 1025 674 Quae
1050 643 1109 666 nos
1135 634 1250 674 girant,
1276 642 1373 664 onera

939 682 1008 713 Tua
1035 682 1106 712 dele
1133 681 1265 712 dextera

985 729 1028 761 Et
1053 733 1084 760 te
1109 728 1328 760 collaudantes

939 777 975 808 In
1001 777 1060 808 hac
1085 777 1169 808 valle
1195 776 1311 807 misera

940 825 992 857 Ad
1018 828 1049 855 te
1075 833 1172 865 super
1196 823 1336 855 aethera.

987 872 1125 903 Subleva
1149 872 1315 903 laetantes.

541 982 572 1013 3.
600 980 663 1011 Pro
689 977 946 1009 benefactoribus

602 1028 650 1058 Ac
676 1025 896 1065 familiaribus,

651 1075 712 1105 Pro
739 1072 1015 1109 recommendans,

603 1123 666 1154 Pro
691 1120 917 1152 itinerantibus

602 1170 644 1201 Et
671 1178 730 1209 pro
756 1167 992 1208 paenitentibus

648 1216 722 1247 Sive
754 1216 933 1255 desperatis

599 1265 643 1295 Te
670 1262 813 1302 profusis
838 1262 999 1302 precibus,

603 1312 752 1348 Petimus,
779 1314 813 1341 ut
838 1309 984 1341 omnibus

648 1358 779 1389 Veniam
805 1357 944 1397 peccatis

597 1407 753 1444 Impetres
776 1410 807 1436 et
832 1405 961 1437 sedibus

599 1453 777 1492 Coniungas
804 1451 1003 1492 caelestibus,

647 1501 742 1532 Pater
768 1501 905 1540 pietatiS.

229 1604 309 1630 Orat-
337 1614 387 1630 ηις.
411 1585 572 1638 Campense
601 1604 670 1631 anni
696 1602 775 1630 1462.
817 1604 885 1631 Cod.
908 1603 1125 1630 Darmstadien.
1146 1602 1210 1630 521.
1233 1616 1269 1620 -
1293 1601 1324 1633 1,
1351 1599 1369 1628 2
1390 1602 1467 1629 Con-

153 1643 245 1669 fessor
267 1643 385 1669 Domini
407 1641 568 1676 magnifice.

586 1803 639 1833 211.
682 1801 723 1832 De
745 1804 855 1832 sancta
877 1802 1042 1832 Dorothea.

250 1903 350 1935 Iesus.
378 1902 501 1933 Mariae
527 1901 611 1933 filius

252 1950 294 1981 Et
319 1949 504 1982 Dorotheae
532 1950 687 1990 dominus,

252 1998 310 2036 Qui
338 1999 453 2029 virtute
480 1998 581 2028 sancti
607 1997 739 2037 spiritus

250 2045 301 2076 Ab
328 2046 418 2077 hoste
443 2053 511 2075 eam
538 2045 688 2077 liberavit

192 2096 222 2125 5.
250 2094 356 2133 Atque
382 2101 451 2123 eam
481 2093 617 2124 dulciter

248 2141 325 2172 Mox
351 2140 392 2172 ad
421 2149 454 2171 se
480 2141 605 2172 vocavit

250 2190 299 2220 Ac·-
324 2197 413 2220 rosas
439 2197 509 2219 cum
534 2188 656 2220 rosario

252 2236 363 2268 Mense
393 2236 568 2268 Februario

251 2285 301 2315 Ad
330 2292 442 2324 preces
469 2284 535 2315 eius
561 2282 684 2315 notario

859 1902 911 1934 10.
940 1900 1017 1932 Cum
1043 1900 1211 1932 frondibus
1239 1901 1380 1939 donavit,

939 1950 1013 1988 Ipse
1039 1949 1142 1981 dulcis
1168 1948 1332 1989 Dominus,

942 1996 1010 2028 Nos
1036 1997 1152 2028 liberet
1177 1996 1229 2028 hic
1253 1997 1400 2035 protinus

938 2045 966 2075 A
993 2043 1083 2076 falsis
1109 2044 1327 2076 criminalibus

937 2091 980 2123 Et
1005 2102 1024 2123 a
1047 2093 1171 2132 peccati
1196 2091 1342 2131 nexibus,

885 2143 913 2172 f.
939 2140 999 2179 Qui
1023 2140 1114 2171 testis
1138 2145 1186 2171 est
1209 2139 1326 2181 fidelis,

937 2189 986 2219 Ac
1011 2187 1192 2220 Dorotheae
1215 2187 1367 2227 precibus

939 2235 980 2266 Et
1007 2236 1155 2276 gloriosis
1180 2236 1304 2267 meritis

940 2284 1076 2315 Coronet
1101 2293 1159 2316 nos
1183 2285 1216 2316 in
1243 2284 1350 2317 caelis.

232 2389 312 2415 Orat.
335 2398 388 2415 ms.
409 2388 571 2423 Campense
591 2388 661 2415 anni
685 2385 766 2415 1462.
808 2388 1024 2416 Darmstadien.
1045 2385 1110 2414 521.
1132 2403 1169 2406 —
