1651 2680
10 2509 22 2588 -.α’

681 103 939 139 —273—

158 200 196 231 5.
221 198 316 232 Suxit
337 199 385 231 ibi
411 199 602 232 documenta
852 201 884 234 7.
910 201 963 233 Sic
988 200 1154 241 apostolus
1180 198 1358 240 mirandus,

216 246 387 287 Evangelii
411 245 539 289 fluenta,
911 249 1013 281 Valde
1040 257 1169 288 semper
1195 247 1410 287 honorandus,

218 294 308 334 Quae
318 295 390 334 plus
400 293 648 335 fragrantquam
667 301 828 337 unguenta
914 297 1122 330 Reverendus
1149 300 1181 328 et
1206 295 1373 333 amandus,

269 341 374 374 Valde
400 343 590 375 redolentia.
961 346 1074 376 Vitans
1101 353 1193 376 omne
1220 348 1372 376 terreum.

219 389 282 422 Hic
306 388 453 422 melliflui
479 392 636 423 sermonis
914 394 1018 425 Iesum
1045 402 1155 424 amans
1180 392 1383 423 Nazarenum

219 438 290 477 Vir,
317 446 488 471 coruscans
514 440 614 471 sacris
642 440 743 481 donis,
914 441 1210 481 Sprevitmuncium
1226 439 1315 479 quasi
1329 448 1472 480 caenum,

223 485 304 518 Vere
332 486 446 526 dignus
473 490 522 518 est
547 487 672 519 coronis
915 489 998 520 Vicit
1024 489 1158 519 bibitum
1183 497 1337 519 venenum

269 533 305 566 In
332 533 464 566 caelesti
490 535 606 574 patria.
963 538 1068 575 Atque
1096 534 1223 567 fervens
1248 536 1363 566 oleum.

159 630 192 662 6.
222 630 420 662 Gravitatem
448 630 522 661 dum
549 631 700 672 servavit,
853 632 884 663 ὃ.
913 631 990 670 Quis
1017 640 1078 662 non
1106 634 1189 662 amet
1216 630 1300 661 huuc
1327 638 1435 662 amore

221 679 273 710 Ad
300 678 449 710 sublimia
475 678 606 716 volavit,
913 679 1052 719 Speciali
1081 688 1151 709 cum
1179 678 1320 714 dulcore.

218 727 304 758 Mira
329 726 391 758 Dei
417 725 650 758 demonstravit.
910 727 1055 767 Quodam
1080 727 1192 758 intimo
1219 735 1334 765 sapore

268 774 385 807 Divina
411 774 592 806 clementia.
960 775 1109 806 Inclitum
1137 774 1328 813 discipulum
1340 774 1355 804 ’ζ’

220 823 464 863 Contemplator
490 830 711 862 supernorum,
912 826 1010 862 Quem
1038 828 1069 853 et
1098 823 1243 854 Christus
1271 823 1316 853 sic
1343 822 1470 863 amavit,

222 870 400 903 Suscitator
425 875 622 902 mortuorum
913 871 1098 912 Decoravit,
1127 870 1290 909 exaltavit,

219 918 262 950 Et
287 923 433 951 ostensor
457 927 658 953 arcanorum,
913 919 1051 950 Matrem
1076 919 1219 958 pendens
1239 918 1473 949 commendavit

268 969 400 1000 Intuens
426 967 588 1007 mysteria.
963 966 1132 998 Perferens
1157 966 1347 1006 patibulum.

492 1065 524 1095 9.
551 1063 576 1094 O
605 1062 721 1094 dilecte
749 1062 870 1093 Christi
898 1062 967 1093 Dei.

557 1110 667 1141 Dulcis
694 1114 768 1142 nate
794 1110 965 1151 Zebedaei,

555 1158 681 1190 Memor
705 1161 772 1189 esto
799 1167 926 1197 semper
953 1158 1023 1194 mei.

605 1206 714 1238 Donec
741 1206 782 1237 ad
809 1210 841 1238 te
868 1207 1003 1238 veniam.

556 1255 691 1293 Semper
717 1263 810 1295 geras
837 1254 877 1286 de
905 1264 954 1285 me
980 1262 1099 1287 euram.

553 1302 630 1339 Fac.
657 1306 691 1333 ut
720 1304 833 1334 ducam
860 1303 958 1334 vitam
986 1311 1108 1343 puram,

552 1351 606 1382 Me
633 1351 792 1389 perducas
819 1351 861 1383 ad
890 1350 1030 1382 futuram

601 1399 837 1439 Sempiternam
863 1398 1009 1438 gloriam,

221 1493 327 1519 Horar.
358 1501 410 1519 ms.
433 1493 619 1520 Franciscan.
642 1501 717 1520 saec.
742 1492 785 1520 15.
827 1493 897 1521 Cod.
920 1494 1055 1520 Vatican.
1078 1494 1148 1528 Reg.
1174 1491 1235 1520 165.
1259 1508 1294 1512 —-
1321 1492 1349 1526 l,
1379 1493 1396 1521 6
1419 1494 1473 1520 Dei

144 1531 178 1558 fit
199 1533 324 1558 mmista.
345 1545 384 1550 —
402 1528 430 1564 2,
452 1530 471 1558 4
495 1531 604 1558 Plenus
627 1531 706 1558 fehlt.
730 1546 765 1551 --
786 1530 813 1563 2,
836 1532 854 1559 f,
875 1533 1042 1559 recolentis
1065 1546 1100 1550 ——
1116 1531 1142 1561 5
1165 1532 1182 1560 6
1204 1533 1288 1559 cibis.
1306 1547 1341 1550 —
1356 1532 1382 1564 3,
1404 1531 1419 1558 7
1436 1532 1475 1558 Et

146 1569 253 1597 manda
275 1570 436 1597 beatorum.
458 1584 493 1588 —
514 1568 547 1602 4,
576 1568 593 1597 2
614 1571 705 1597 Cuius
728 1571 840 1605 visque.
863 1585 899 1588 —
920 1570 946 1602 5,
975 1570 985 1596 1
1011 1572 1101 1597 Susit.
1123 1587 1161 1590 —
1183 1570 1209 1600 5,
1231 1570 1249 1597 3
1270 1572 1416 1606 frangant.
1438 1586 1474 1589 —

144 1607 171 1641 5,
193 1606 211 1635 6
226 1608 300 1635 Vim.
316 1623 352 1626 —
367 1607 393 1641 6,
415 1607 434 1635 3
447 1609 654 1636 Misericordia
670 1609 734 1636 Dei.
751 1623 787 1627 —
803 1609 829 1641 6,
851 1607 867 1635 7
883 1609 922 1635 Et
940 1609 1020 1637 fehlt.
1037 1625 1072 1628 -
1090 1610 1123 1640 23¹„
1139 1608 1156 1635 2
1173 1611 1301 1644 ¹Spe-ciali
1318 1614 1424 1637 tamen.
1440 1625 1475 1628 —

144 1646 178 1680 8,
209 1644 228 1674 3
248 1647 412 1681 Quondam.
434 1662 470 1665 —
491 1646 526 1678 8,
551 1646 568 1674 ὅ
591 1648 760 1675 exsultabit.
784 1662 819 1666 —-
839 1646 867 1679 9,
892 1647 904 1674 1
929 1648 1053 1675 Christe.
1075 1662 1112 1667 —
1132 1646 1159 1677 9,
1182 1648 1199 1675 5
1220 1650 1307 1683 geris.
1330 1664 1366 1668 —
1386 1650 1476 1676 Trotz

143 1686 198 1714 der
220 1685 429 1722 Bezeichuung
450 1686 494 1713 als
519 1686 697 1721 „Sequentia
719 1684 800 1713 eius“
824 1688 873 1714 ein
894 1687 1076 1722 Reimgebet.

467 1839 534 1869 236.
577 1837 619 1869 De
641 1840 750 1870 saneto
771 1837 910 1869 Iohanne
932 1838 1152 1878 Evangelista.

629 1938 689 1970 Ad
724 1937 993 1972 Matutinum.

161 2028 193 2061 1.
223 2024 249 2061 Ο
274 2026 432 2058 Iohannes
459 2024 617 2062 amabilis,
857 2026 888 2058 2.
916 2022 1078 2058 Iohannes
1105 2025 1204 2068 virgo,
1234 2026 1349 2058 ceteris

219 2074 376 2115 Apostole
402 2073 570 2114 mirabilis,
918 2073 1077 2105 Dilectior
1103 2074 1269 2114 apostolis,

220 2124 280 2156 Vir
306 2122 402 2154 valde
427 2121 632 2160 venerabilis,
917 2122 1024 2159 Sacer,
1054 2122 1167 2161 plenus
1195 2122 1388 2155 dulcedinis.

220 2172 272 2205 Sis
298 2170 390 2202 nobis
422 2168 620 2202 favorabiliS.
913 2169 1028 2201 Custos
1056 2169 1171 2201 beatae
1197 2171 1341 2211 virginiS.

516 2267 547 2299 3.
576 2264 641 2298 Ora
670 2273 729 2304 pro
755 2263 846 2296 nobis
872 2264 998 2305 iugiter,

576 2314 740 2344 Instanter
765 2321 804 2344 ao
829 2313 1016 2352 salubriter,

578 2361 621 2394 Ut
647 2364 752 2392 tecum
778 2361 877 2393 simus
903 2363 1025 2401 pariter

577 2410 614 2441 Iu
641 2409 739 2441 caelis
765 2410 984 2442 aeternaliter.

203 2471 344 2498 Dreves,
371 2469 420 2492 Pia
438 2467 604 2492 Dictamina.
636 2467 698 2492 VII.
1270 2467 1304 2496 13
