1651 2680
238 189 294 223 13.

238 656 292 689 14.

241 1123 294 1156 15.

241 1586 295 1617 16.

321 187 485 220 Prodeant
510 187 664 220 ecclesiae

366 235 471 267 Rosea
496 235 625 274 vexilla,

319 283 430 316 Cultor
454 283 625 315 idolatriae

367 331 481 370 Stupet
507 331 618 362 videns
644 329 709 367 illa,

321 378 461 412 'situlum
489 379 641 410 victoriae

367 425 466 458 Fides
492 425 556 458 fert
581 425 707 468 pusilla⁷

319 474 377 507 Cui
405 474 578 506 succedunt
603 473 725 514 gratiae

367 522 526 562 Tempora
552 521 736 562 tranquilla.

319 656 410 688 Sicca
438 655 525 694 virga
552 656 647 686 viruit

368 703 458 733 Novo
484 702 549 734 feta
574 702 662 737 flore,

320 751 430 783 Vellus
458 759 529 782 rore
555 750 677 782 maduit

366 798 513 829 Tinctum
541 799 620 830 caeli
647 806 729 835 rore,

320 847 464 879 Flamma
490 847 601 877 rubum
629 845 740 884 tenuit,

367 893 430 925 Sed
457 903 518 925 non
544 895 576 926 in
602 893 729 933 ardore,

321 943 417 980 Virgo
443 941 545 972 Deum
571 941 679 982 genuit

368 989 484 1021 Illaeso
510 990 644 1029 pudore.

323 1122 355 1154 Si
382 1122 452 1152 rubi
480 1123 631 1162 mysteria

367 1170 464 1209 Cupis
490 1170 653 1211 indagare,

325 1217 415 1250 Prius
443 1223 474 1248 te
501 1219 662 1258 discalcia,

367 1266 465 1303 Quam
493 1266 752 1305 adpropinquare

321 1313 406 1345 Velis
432 1314 473 1344 ad
500 1314 658 1347 incendia,

368 1363 455 1399 Quae
478 1361 569 1392 vides
592 1361 730 1401 flagrare

321 1410 358 1440 In
384 1408 461 1447 ligni
487 1410 631 1450 materia,

369 1456 430 1486 Sed
458 1466 519 1488 non
546 1461 702 1489 aestuare.

325 1587 377 1617 Sic
402 1585 514 1616 rubum
541 1586 674 1617 uredine

369 1632 514 1664 Flamma
540 1634 619 1664 nihil
645 1633 757 1674 laedit,

324 1681 376 1712 Sic
403 1681 442 1711 de
467 1681 552 1712 sicco
577 1681 718 1721 germine

370 1729 469 1768 Virga
495 1728 631 1761 fructum
660 1728 768 1768 dedit;

323 1776 405 1816 Quid
432 1777 545 1808 mirum
575 1778 613 1808 de
639 1777 762 1817 virgine

371 1824 403 1855 Si
430 1829 540 1864 partus
567 1823 738 1865 procedit?

324 1872 461 1904 Stultum
489 1879 536 1904 est
562 1875 594 1905 in
622 1873 759 1911 homine,

369 1921 460 1958 Quod
487 1930 549 1952 non
575 1922 638 1953 ista
665 1921 778 1955 credit.

287 2074 293 2081 .
321 2047 493 2081 Manifeste
518 2050 635 2090 legitur

370 2097 439 2129 Hoc
464 2098 495 2128 in
523 2099 626 2130 Isaia:

321 2146 370 2177 De
396 2145 486 2184 virga
512 2145 569 2177 flos
595 2146 707 2184 oritur,

372 2192 440 2224 Hoc
465 2197 513 2224 est
540 2194 579 2226 de
605 2194 710 2226 Maria

322 2241 521 2272 Deus-homo
547 2242 698 2280 nascitur,

368 2288 417 2320 Ex
445 2289 503 2320 hac
529 2289 698 2330 prophetia

320 2337 458 2368 Iudaeus
484 2338 628 2377 arguitur

370 2384 492 2416 Errans
518 2385 550 2416 in
578 2385 706 2418 Messia.

924 189 978 224 18.

925 655 979 687 19.

924 1122 980 1154 20.

925 1587 980 1619 21.

1005 189 1068 232 Sic,
1097 189 1217 222 Iudaea
1243 189 1369 229 misera,

1052 237 1135 277 Quid
1161 237 1284 270 frustra
1308 235 1462 269 laboras?

1006 284 1144 317 Falleris
1169 286 1201 318 in
1227 285 1323 317 litera

1054 333 1160 375 Legis,
1187 341 1280 372 quam
1307 333 1462 374 honoras;

1006 380 1147 412 Mundus
1173 385 1220 413 est
1245 380 1279 412 in
1305 388 1450 422 vespera,

1057 428 1146 467 Veni,
1173 436 1285 468 rumpe
1310 437 1416 460 moras

1006 476 1049 508 Et
1074 476 1116 508 ad
1142 484 1243 508 meam
1270 483 1410 515 propera

1054 523 1179 563 Fidem,
1204 532 1296 562 quam
1323 523 1462 562 ignoras.

1005 655 1091 687 Gens
1118 655 1239 695 absque
1265 655 1398 687 consilio

1054 703 1151 735 Potes
1177 703 1346 742 appellari,

1005 751 1091 790 Quae
1118 755 1242 791 patrem
1270 760 1339 782 cum
1365 749 1432 782 filio

1055 798 1127 830 Non
1153 799 1201 829 vis
1229 798 1393 839 venerari3

1011 846 1079 877 Hos
1104 850 1213 877 nostra
1239 846 1351 885 religio

1057 894 1152 926 Cultu
1179 893 1255 925 colit
1281 894 1363 933 pari,

1007 941 1051 972 Et
1076 946 1130 972 tua
1156 941 1374 981 praesumptio

1057 989 1142 1021 Solet
1172 990 1336 1021 detestari.

1008 1121 1133 1162 Linque
1158 1122 1341 1154 neomenias

1055 1170 1097 1201 Et
1122 1169 1255 1210 legalem
1283 1170 1412 1211 cultum,

1005 1217 1128 1256 Sperne
1155 1218 1380 1257 caeremonias,

1052 1265 1138 1303 Quae
1160 1275 1220 1298 non
1239 1270 1373 1305 prosunt
1388 1266 1538 1306 multum;

1009 1313 1097 1344 Haec
1124 1317 1237 1345 cuncta
1265 1314 1424 1353 despicias

1055 1360 1097 1392 Et
1124 1365 1233 1393 averte
1255 1362 1389 1404 vultum,

1009 1408 1127 1440 Mirum
1155 1414 1213 1448 est,
1240 1410 1267 1440 si
1293 1410 1418 1441 nescias

1057 1456 1191 1497 Moysen
1217 1458 1387 1497 sepultum.

1010 1586 1104 1626 Legis
1129 1587 1335 1618 observantia

1057 1634 1129 1666 Non
1155 1634 1264 1666 reddit
1290 1634 1479 1677 perfectum,

1011 1682 1079 1713 Nee
1104 1683 1216 1722 legalis
1243 1682 1348 1714 hostia

1058 1730 1252 1771 Quemquam
1280 1729 1357 1762 facit
1383 1736 1527 1771 rectum;

1010 1778 1209 1810 Subintravit
1236 1779 1352 1820 gratia,

1057 1827 1143 1866 Quae
1170 1826 1288 1858 dudum
1316 1827 1475 1859 abiectum

1010 1873 1123 1905 Traxit
1148 1884 1167 1906 a
1192 1875 1322 1907 miseria

1058 1922 1227 1954 Hominem
1255 1923 1452 1963 despectum.

977 2075 984 2082 .
1011 2050 1063 2082 Fit
1092 2055 1218 2084 creator
1241 2053 1382 2084 omnium

1058 2099 1150 2131 Nova
1176 2105 1333 2141 ereatura,

1010 2146 1124 2186 Stupet
1150 2147 1209 2179 hoc
1236 2149 1459 2181 commercium

1057 2195 1143 2228 Usus
1169 2202 1201 2227 et
1224 2201 1352 2237 natura,

1012 2242 1137 2274 Novum
1165 2242 1200 2275 fit
1224 2243 1404 2284 imperium,

1059 2291 1151 2323 Nova
1178 2292 1296 2324 dantur
1320 2293 1400 2332 iura,

1011 2338 1109 2370 Fides
1135 2339 1264 2371 scandit
1286 2341 1412 2383 solium,

1058 2387 1101 2419 Et
1129 2387 1181 2419 lex
1207 2388 1290 2426 petit
1315 2398 1400 2424 rura.
