<?xml version="1.0" encoding="UTF-8"?>
<!DOCTYPE html PUBLIC "-//W3C//DTD XHTML 1.0 Transitional//EN"
    "http://www.w3.org/TR/xhtml1/DTD/xhtml1-transitional.dtd">
<html xmlns="http://www.w3.org/1999/xhtml" xml:lang="en" lang="en">
 <head>
  <title>
</title>
<meta http-equiv="Content-Type" content="text/html;charset=utf-8" />
  <meta name='ocr-system' content='tesseract 3.04.00' />
  <meta name='ocr-capabilities' content='ocr_page ocr_carea ocr_par ocr_line ocrx_word'/>
</head>
<body>
  <div class='ocr_page' id='page_1' title='image "./analectahymnica46drevuoft/analectahymnica46drevuoft_0116.png"; bbox 0 0 1651 2680; ppageno 0'>
   <div class='ocr_carea' id='block_1_1' title="bbox 650 98 906 133">
    <p class='ocr_par' dir='ltr' id='par_1_1' title="bbox 650 98 906 133">
     <span class='ocr_line' id='line_1_1' title="bbox 650 98 906 133; baseline 0 0"><span class='ocrx_word' id='word_1_1' title='bbox 650 116 698 121; x_wconf 90' lang='lat'><strong>·-—</strong></span> <span class='ocrx_word' id='word_1_2' title='bbox 749 98 816 133; x_wconf 90' lang='lat'><strong>113</strong></span> <span class='ocrx_word' id='word_1_3' title='bbox 867 117 906 121; x_wconf 96' lang='lat'>—</span> 
     </span>
    </p>
   </div>
   <div class='ocr_carea' id='block_1_2' title="bbox 127 193 696 234">
    <p class='ocr_par' dir='ltr' id='par_1_2' title="bbox 127 193 696 234">
     <span class='ocr_line' id='line_1_2' title="bbox 127 193 696 234; baseline -0.004 -6"><span class='ocrx_word' id='word_1_4' title='bbox 127 195 163 228; x_wconf 82' lang='lat'><strong>3.</strong></span> <span class='ocrx_word' id='word_1_5' title='bbox 195 194 284 234; x_wconf 87' lang='lat' dir='ltr'><strong>Quae</strong></span> <span class='ocrx_word' id='word_1_6' title='bbox 309 196 342 224; x_wconf 81' lang='lat' dir='ltr'><strong>te</strong></span> <span class='ocrx_word' id='word_1_7' title='bbox 367 193 444 226; x_wconf 86' lang='lat' dir='ltr'><strong>vicit</strong></span> <span class='ocrx_word' id='word_1_8' title='bbox 469 197 545 226; x_wconf 89' lang='lat' dir='ltr'><strong>tunc</strong></span> <span class='ocrx_word' id='word_1_9' title='bbox 568 194 696 233; x_wconf 83' lang='lat' dir='ltr'><strong>caritas,</strong></span> 
     </span>
    </p>
   </div>
   <div class='ocr_carea' id='block_1_3' title="bbox 189 241 692 378">
    <p class='ocr_par' dir='ltr' id='par_1_3' title="bbox 189 241 692 378">
     <span class='ocr_line' id='line_1_3' title="bbox 191 241 680 282; baseline 0 -8"><span class='ocrx_word' id='word_1_10' title='bbox 191 241 240 274; x_wconf 90' lang='lat' dir='ltr'><strong>Te</strong></span> <span class='ocrx_word' id='word_1_11' title='bbox 267 242 372 282; x_wconf 88' lang='lat' dir='ltr'><strong>ipsum</strong></span> <span class='ocrx_word' id='word_1_12' title='bbox 399 250 470 273; x_wconf 84' lang='lat' dir='ltr'><strong>cum</strong></span> <span class='ocrx_word' id='word_1_13' title='bbox 496 241 680 274; x_wconf 79' lang='lat' dir='ltr'>tradideras</span> 
     </span>
     <span class='ocr_line' id='line_1_4' title="bbox 189 290 662 330; baseline -0.002 -8"><span class='ocrx_word' id='word_1_14' title='bbox 189 291 228 322; x_wconf 91' lang='lat' dir='ltr'><strong>In</strong></span> <span class='ocrx_word' id='word_1_15' title='bbox 256 292 390 321; x_wconf 90' lang='lat' dir='ltr'><strong>mortem</strong></span> <span class='ocrx_word' id='word_1_16' title='bbox 417 293 449 321; x_wconf 87' lang='lat' dir='ltr'><strong>et</strong></span> <span class='ocrx_word' id='word_1_17' title='bbox 474 290 505 321; x_wconf 90' lang='lat' dir='ltr'><strong>in</strong></span> <span class='ocrx_word' id='word_1_18' title='bbox 532 298 662 330; x_wconf 83' lang='lat' dir='ltr'><strong>pascua,</strong></span> 
     </span>
     <span class='ocr_line' id='line_1_5' title="bbox 189 337 692 378; baseline -0.002 -8"><span class='ocrx_word' id='word_1_19' title='bbox 189 337 314 378; x_wconf 85' lang='lat' dir='ltr'><strong>Quibus</strong></span> <span class='ocrx_word' id='word_1_20' title='bbox 338 337 426 369; x_wconf 89' lang='lat' dir='ltr'><strong>nulla</strong></span> <span class='ocrx_word' id='word_1_21' title='bbox 453 342 525 369; x_wconf 89' lang='lat' dir='ltr'><strong>sunt</strong></span> <span class='ocrx_word' id='word_1_22' title='bbox 551 337 692 369; x_wconf 82' lang='lat' dir='ltr'><strong>merita?</strong></span> 
     </span>
    </p>
   </div>
   <div class='ocr_carea' id='block_1_4' title="bbox 153 433 611 611">
    <p class='ocr_par' dir='ltr' id='par_1_4' title="bbox 153 433 611 611">
     <span class='ocr_line' id='line_1_6' title="bbox 153 433 565 474; baseline -0.007 -7"><span class='ocrx_word' id='word_1_23' title='bbox 153 459 162 467; x_wconf 89' lang='lat'><strong>.</strong></span> <span class='ocrx_word' id='word_1_24' title='bbox 189 434 238 466; x_wconf 91' lang='lat' dir='ltr'><strong>Tu</strong></span> <span class='ocrx_word' id='word_1_25' title='bbox 264 433 349 474; x_wconf 85' lang='lat' dir='ltr'><strong>patri</strong></span> <span class='ocrx_word' id='word_1_26' title='bbox 375 433 565 465; x_wconf 85' lang='lat' dir='ltr'><strong>sacrificium</strong></span> 
     </span>
     <span class='ocr_line' id='line_1_7' title="bbox 190 481 611 522; baseline -0.007 -7"><span class='ocrx_word' id='word_1_27' title='bbox 190 481 318 515; x_wconf 80' lang='lat' dir='ltr'><strong>Amoris</strong></span> <span class='ocrx_word' id='word_1_28' title='bbox 344 490 402 522; x_wconf 83' lang='lat' dir='ltr'><strong>per</strong></span> <span class='ocrx_word' id='word_1_29' title='bbox 427 482 611 513; x_wconf 82' lang='lat' dir='ltr'><strong>incendium</strong></span> 
     </span>
     <span class='ocr_line' id='line_1_8' title="bbox 190 529 556 563; baseline -0.008 0"><span class='ocrx_word' id='word_1_30' title='bbox 190 530 322 563; x_wconf 90' lang='lat' dir='ltr'><strong>Oblatus</strong></span> <span class='ocrx_word' id='word_1_31' title='bbox 346 529 556 561; x_wconf 84' lang='lat' dir='ltr'><strong>saluberrime</strong></span> 
     </span>
     <span class='ocr_line' id='line_1_9' title="bbox 188 578 595 611; baseline -0.002 0"><span class='ocrx_word' id='word_1_32' title='bbox 188 581 256 611; x_wconf 83' lang='lat' dir='ltr'><strong>Ara</strong></span> <span class='ocrx_word' id='word_1_33' title='bbox 281 578 384 608; x_wconf 89' lang='lat' dir='ltr'><strong>crucis</strong></span> <span class='ocrx_word' id='word_1_34' title='bbox 409 578 595 610; x_wconf 82' lang='lat' dir='ltr'><strong>acerrimae.</strong></span> 
     </span>
    </p>
   </div>
   <div class='ocr_carea' id='block_1_5' title="bbox 154 673 653 809">
    <p class='ocr_par' dir='ltr' id='par_1_5' title="bbox 154 673 653 809">
     <span class='ocr_line' id='line_1_10' title="bbox 154 673 623 708; baseline -0.009 0"><span class='ocrx_word' id='word_1_35' title='bbox 154 701 162 708; x_wconf 89' lang='lat'><strong><em>.</em></strong></span> <span class='ocrx_word' id='word_1_36' title='bbox 189 674 259 706; x_wconf 84' lang='lat' dir='ltr'><strong>Hac</strong></span> <span class='ocrx_word' id='word_1_37' title='bbox 284 673 389 705; x_wconf 87' lang='lat' dir='ltr'><strong>hostia</strong></span> <span class='ocrx_word' id='word_1_38' title='bbox 413 673 623 705; x_wconf 84' lang='lat' dir='ltr'><strong>mundissima</strong></span> 
     </span>
     <span class='ocr_line' id='line_1_11' title="bbox 187 721 653 761; baseline -0.004 -7"><span class='ocrx_word' id='word_1_39' title='bbox 187 722 300 754; x_wconf 89' lang='lat' dir='ltr'><strong>Mundi</strong></span> <span class='ocrx_word' id='word_1_40' title='bbox 327 726 442 752; x_wconf 84' lang='lat' dir='ltr'><strong>cuncta</strong></span> <span class='ocrx_word' id='word_1_41' title='bbox 467 721 653 761; x_wconf 83' lang='lat' dir='ltr'><strong>peccamina</strong></span> 
     </span>
     <span class='ocr_line' id='line_1_12' title="bbox 190 769 601 809; baseline -0.002 -7"><span class='ocrx_word' id='word_1_42' title='bbox 190 769 304 802; x_wconf 85' lang='lat' dir='ltr'><strong>Tulisti</strong></span> <span class='ocrx_word' id='word_1_43' title='bbox 330 778 390 809; x_wconf 85' lang='lat' dir='ltr'><strong>per</strong></span> <span class='ocrx_word' id='word_1_44' title='bbox 415 769 601 809; x_wconf 84' lang='lat' dir='ltr'><strong>opprobria,</strong></span> 
     </span>
    </p>
   </div>
   <div class='ocr_carea' id='block_1_6' title="bbox 190 818 704 857">
    <p class='ocr_par' dir='ltr' id='par_1_6' title="bbox 190 818 704 857">
     <span class='ocr_line' id='line_1_13' title="bbox 190 818 704 857; baseline 0.002 -8"><span class='ocrx_word' id='word_1_45' title='bbox 190 818 254 849; x_wconf 85' lang='lat' dir='ltr'><strong>Per</strong></span> <span class='ocrx_word' id='word_1_46' title='bbox 276 821 421 856; x_wconf 84' lang='lat' dir='ltr'><strong>mortem,</strong></span> <span class='ocrx_word' id='word_1_47' title='bbox 449 827 508 857; x_wconf 87' lang='lat' dir='ltr'><strong>per</strong></span> <span class='ocrx_word' id='word_1_48' title='bbox 534 818 704 857; x_wconf 88' lang='lat' dir='ltr'><strong>supplicia.</strong></span> 
     </span>
    </p>
   </div>
   <div class='ocr_carea' id='block_1_7' title="bbox 157 914 660 1093">
    <p class='ocr_par' dir='ltr' id='par_1_7' title="bbox 157 914 660 1093">
     <span class='ocr_line' id='line_1_14' title="bbox 157 914 539 947; baseline -0.003 0"><span class='ocrx_word' id='word_1_49' title='bbox 157 939 164 947; x_wconf 90' lang='lat'><strong>.</strong></span> <span class='ocrx_word' id='word_1_50' title='bbox 191 914 341 947; x_wconf 81' lang='lat' dir='ltr'><strong>Caritatis</strong></span> <span class='ocrx_word' id='word_1_51' title='bbox 368 914 539 946; x_wconf 83' lang='lat' dir='ltr'><strong>dulcedine</strong></span> 
     </span>
     <span class='ocr_line' id='line_1_15' title="bbox 190 962 642 1003; baseline -0.002 -9"><span class='ocrx_word' id='word_1_52' title='bbox 190 963 257 994; x_wconf 94' lang='lat' dir='ltr'><strong>Tuo</strong></span> <span class='ocrx_word' id='word_1_53' title='bbox 281 971 338 994; x_wconf 89' lang='lat' dir='ltr'><strong>nos</strong></span> <span class='ocrx_word' id='word_1_54' title='bbox 364 962 452 994; x_wconf 89' lang='lat' dir='ltr'><strong>lavas</strong></span> <span class='ocrx_word' id='word_1_55' title='bbox 479 962 642 1003; x_wconf 84' lang='lat' dir='ltr'><strong>sanguine,</strong></span> 
     </span>
     <span class='ocr_line' id='line_1_16' title="bbox 192 1010 660 1050; baseline -0.002 -8"><span class='ocrx_word' id='word_1_56' title='bbox 192 1011 280 1043; x_wconf 85' lang='lat' dir='ltr'><strong>Patri</strong></span> <span class='ocrx_word' id='word_1_57' title='bbox 306 1019 363 1041; x_wconf 93' lang='lat' dir='ltr'><strong>nos</strong></span> <span class='ocrx_word' id='word_1_58' title='bbox 388 1019 485 1050; x_wconf 87' lang='lat' dir='ltr'><strong>pacas</strong></span> <span class='ocrx_word' id='word_1_59' title='bbox 512 1010 660 1047; x_wconf 75' lang='lat' dir='ltr'><strong>dulciter,</strong></span> 
     </span>
     <span class='ocr_line' id='line_1_17' title="bbox 192 1057 564 1093; baseline 0 -3"><span class='ocrx_word' id='word_1_60' title='bbox 192 1059 324 1090; x_wconf 87' lang='lat' dir='ltr'><strong>Prorsus</strong></span> <span class='ocrx_word' id='word_1_61' title='bbox 349 1057 564 1093; x_wconf 80' lang='lat' dir='ltr'><strong>ineffabiliter.</strong></span> 
     </span>
    </p>
   </div>
   <div class='ocr_carea' id='block_1_8' title="bbox 850 194 1372 234">
    <p class='ocr_par' dir='ltr' id='par_1_8' title="bbox 850 194 1372 234">
     <span class='ocr_line' id='line_1_18' title="bbox 850 194 1372 234; baseline 0 -8"><span class='ocrx_word' id='word_1_62' title='bbox 850 195 880 226; x_wconf 88' lang='grc'><strong>7.</strong></span> <span class='ocrx_word' id='word_1_63' title='bbox 908 194 953 226; x_wconf 93' lang='lat' dir='ltr'><strong>Te</strong></span> <span class='ocrx_word' id='word_1_64' title='bbox 980 199 1049 234; x_wconf 85' lang='lat' dir='ltr'><strong>per&#39;</strong></span> <span class='ocrx_word' id='word_1_65' title='bbox 1065 204 1207 227; x_wconf 82' lang='lat' dir='ltr'><strong>cruorem</strong></span> <span class='ocrx_word' id='word_1_66' title='bbox 1236 204 1372 234; x_wconf 72' lang='lat' dir='ltr'><strong>roseum,</strong></span> 
     </span>
    </p>
   </div>
   <div class='ocr_carea' id='block_1_9' title="bbox 822 915 874 948">
    <p class='ocr_par' dir='ltr' id='par_1_9' title="bbox 822 915 874 948">
     <span class='ocr_line' id='line_1_19' title="bbox 822 915 874 948; baseline -0.038 0"><span class='ocrx_word' id='word_1_67' title='bbox 822 915 874 948; x_wconf 93' lang='grc'><strong>10.</strong></span> 
     </span>
    </p>
   </div>
   <div class='ocr_carea' id='block_1_10' title="bbox 907 241 1365 378">
    <p class='ocr_par' dir='ltr' id='par_1_10' title="bbox 907 241 1365 378">
     <span class='ocr_line' id='line_1_20' title="bbox 909 241 1361 285; baseline 0 -11"><span class='ocrx_word' id='word_1_68' title='bbox 909 241 1047 275; x_wconf 83' lang='lat' dir='ltr'><strong>Nostrae</strong></span> <span class='ocrx_word' id='word_1_69' title='bbox 1073 243 1186 276; x_wconf 89' lang='lat' dir='ltr'><strong>salutis</strong></span> <span class='ocrx_word' id='word_1_70' title='bbox 1213 244 1361 285; x_wconf 88' lang='lat' dir='ltr'><strong>pretium,</strong></span> 
     </span>
     <span class='ocr_line' id='line_1_21' title="bbox 908 291 1365 332; baseline 0 -10"><span class='ocrx_word' id='word_1_71' title='bbox 908 291 1037 332; x_wconf 85' lang='lat' dir='ltr'><strong>Precor,</strong></span> <span class='ocrx_word' id='word_1_72' title='bbox 1066 297 1099 323; x_wconf 89' lang='lat' dir='ltr'><strong>ut</strong></span> <span class='ocrx_word' id='word_1_73' title='bbox 1125 295 1230 322; x_wconf 88' lang='lat' dir='ltr'><strong>mente</strong></span> <span class='ocrx_word' id='word_1_74' title='bbox 1256 291 1365 322; x_wconf 89' lang='lat' dir='ltr'><strong>debita</strong></span> 
     </span>
     <span class='ocr_line' id='line_1_22' title="bbox 907 338 1321 378; baseline 0.005 -9"><span class='ocrx_word' id='word_1_75' title='bbox 907 338 974 369; x_wconf 78' lang='lat' dir='ltr'><strong>Tua</strong></span> <span class='ocrx_word' id='word_1_76' title='bbox 1003 344 1134 370; x_wconf 80' lang='lat' dir='ltr'><strong>tractem</strong></span> <span class='ocrx_word' id='word_1_77' title='bbox 1160 339 1321 378; x_wconf 64' lang='lat' dir='ltr'><strong>mysteria.</strong></span> 
     </span>
    </p>
   </div>
   <div class='ocr_carea' id='block_1_11' title="bbox 871 435 1365 475">
    <p class='ocr_par' dir='ltr' id='par_1_11' title="bbox 871 435 1365 475">
     <span class='ocr_line' id='line_1_23' title="bbox 871 435 1365 475; baseline 0 -9"><span class='ocrx_word' id='word_1_78' title='bbox 871 460 878 467; x_wconf 91' lang='lat'><strong>.</strong></span> <span class='ocrx_word' id='word_1_79' title='bbox 907 435 969 466; x_wconf 86' lang='lat' dir='ltr'><strong>Per</strong></span> <span class='ocrx_word' id='word_1_80' title='bbox 995 438 1091 472; x_wconf 74' lang='lat' dir='ltr'><strong>tunm,</strong></span> <span class='ocrx_word' id='word_1_81' title='bbox 1121 436 1201 474; x_wconf 83' lang='lat' dir='ltr'><strong>lesu,</strong></span> <span class='ocrx_word' id='word_1_82' title='bbox 1230 435 1365 475; x_wconf 74' lang='lat' dir='ltr'><strong>gratiam</strong></span> 
     </span>
    </p>
   </div>
   <div class='ocr_carea' id='block_1_12' title="bbox 905 481 1422 618">
    <p class='ocr_par' dir='ltr' id='par_1_12' title="bbox 905 481 1422 618">
     <span class='ocr_line' id='line_1_24' title="bbox 905 481 1422 522; baseline 0 -10"><span class='ocrx_word' id='word_1_83' title='bbox 905 481 973 513; x_wconf 84' lang='lat' dir='ltr'><strong>Fac</strong></span> <span class='ocrx_word' id='word_1_84' title='bbox 997 492 1047 513; x_wconf 86' lang='lat' dir='ltr'><strong>me</strong></span> <span class='ocrx_word' id='word_1_85' title='bbox 1073 492 1131 522; x_wconf 81' lang='lat' dir='ltr'><strong>per</strong></span> <span class='ocrx_word' id='word_1_86' title='bbox 1156 482 1252 513; x_wconf 85' lang='lat' dir='ltr'><strong>fidem</strong></span> <span class='ocrx_word' id='word_1_87' title='bbox 1281 483 1422 514; x_wconf 83' lang='lat' dir='ltr'><strong>debitam</strong></span> 
     </span>
     <span class='ocr_line' id='line_1_25' title="bbox 906 530 1283 562; baseline 0.003 -2"><span class='ocrx_word' id='word_1_88' title='bbox 906 530 1032 561; x_wconf 85' lang='lat' dir='ltr'><strong>Affectu</strong></span> <span class='ocrx_word' id='word_1_89' title='bbox 1058 531 1283 562; x_wconf 80' lang='lat' dir='ltr'><strong>ardentissimo</strong></span> 
     </span>
     <span class='ocr_line' id='line_1_26' title="bbox 906 578 1355 618; baseline 0.002 -9"><span class='ocrx_word' id='word_1_90' title='bbox 906 578 990 609; x_wconf 89' lang='lat' dir='ltr'><strong>Huic</strong></span> <span class='ocrx_word' id='word_1_91' title='bbox 1016 588 1064 610; x_wconf 75' lang='lat' dir='ltr'><strong>uie</strong></span> <span class='ocrx_word' id='word_1_92' title='bbox 1092 581 1168 609; x_wconf 85' lang='lat' dir='ltr'><strong>dare</strong></span> <span class='ocrx_word' id='word_1_93' title='bbox 1195 580 1355 618; x_wconf 68' lang='lat' dir='ltr'><strong>mysterio.</strong></span> 
     </span>
    </p>
   </div>
   <div class='ocr_carea' id='block_1_13' title="bbox 905 674 1410 858">
    <p class='ocr_par' dir='ltr' id='par_1_13' title="bbox 907 674 1267 714">
     <span class='ocr_line' id='line_1_27' title="bbox 907 674 1267 714; baseline 0 -9"><span class='ocrx_word' id='word_1_94' title='bbox 907 674 957 705; x_wconf 88' lang='lat' dir='ltr'><strong>Da</strong></span> <span class='ocrx_word' id='word_1_95' title='bbox 983 675 1124 714; x_wconf 81' lang='lat' dir='ltr'><strong>cogitare</strong></span> <span class='ocrx_word' id='word_1_96' title='bbox 1150 675 1267 713; x_wconf 79' lang='lat' dir='ltr'><strong>placita</strong></span> 
     </span>
    </p>

    <p class='ocr_par' dir='ltr' id='par_1_14' title="bbox 907 722 1301 762">
     <span class='ocr_line' id='line_1_28' title="bbox 907 722 1301 762; baseline 0 -8"><span class='ocrx_word' id='word_1_97' title='bbox 907 723 951 754; x_wconf 82' lang='lat' dir='ltr'><strong>Et</strong></span> <span class='ocrx_word' id='word_1_98' title='bbox 977 722 1083 754; x_wconf 81' lang='lat' dir='ltr'><strong>facere</strong></span> <span class='ocrx_word' id='word_1_99' title='bbox 1109 723 1301 762; x_wconf 79' lang='lat' dir='ltr'><strong>gratissima,</strong></span> 
     </span>
    </p>

    <p class='ocr_par' dir='ltr' id='par_1_15' title="bbox 905 771 1410 858">
     <span class='ocr_line' id='line_1_29' title="bbox 905 771 1410 810; baseline -0.004 -8"><span class='ocrx_word' id='word_1_100' title='bbox 905 771 951 803; x_wconf 80' lang='lat' dir='ltr'><strong>Ut</strong></span> <span class='ocrx_word' id='word_1_101' title='bbox 977 772 1113 802; x_wconf 81' lang='lat' dir='ltr'><strong>mundus</strong></span> <span class='ocrx_word' id='word_1_102' title='bbox 1141 771 1247 809; x_wconf 82' lang='lat' dir='ltr'><strong>corde,</strong></span> <span class='ocrx_word' id='word_1_103' title='bbox 1277 779 1410 810; x_wconf 81' lang='lat' dir='ltr'><strong>corpore</strong></span> 
     </span>
     <span class='ocr_line' id='line_1_30' title="bbox 906 819 1375 858; baseline 0.002 -9"><span class='ocrx_word' id='word_1_104' title='bbox 906 819 950 849; x_wconf 89' lang='lat' dir='ltr'><strong>Te</strong></span> <span class='ocrx_word' id='word_1_105' title='bbox 977 828 1109 858; x_wconf 63' lang='lat' dir='ltr'><strong>sumam,</strong></span> <span class='ocrx_word' id='word_1_106' title='bbox 1138 828 1155 849; x_wconf 95' lang='lat' dir='ltr'><strong>o</strong></span> <span class='ocrx_word' id='word_1_107' title='bbox 1183 819 1375 851; x_wconf 81' lang='lat' dir='ltr'><strong>dulcissime.</strong></span> 
     </span>
    </p>
   </div>
   <div class='ocr_carea' id='block_1_14' title="bbox 903 915 1341 1092">
    <p class='ocr_par' dir='ltr' id='par_1_16' title="bbox 903 915 1341 1092">
     <span class='ocr_line' id='line_1_31' title="bbox 905 915 1305 954; baseline -0.003 -8"><span class='ocrx_word' id='word_1_108' title='bbox 905 915 999 946; x_wconf 86' lang='lat' dir='ltr'><strong>Tanti</strong></span> <span class='ocrx_word' id='word_1_109' title='bbox 1028 915 1134 946; x_wconf 87' lang='lat' dir='ltr'><strong>fructu</strong></span> <span class='ocrx_word' id='word_1_110' title='bbox 1161 916 1305 954; x_wconf 74' lang='lat' dir='ltr'><strong>mysterii</strong></span> 
     </span>
     <span class='ocr_line' id='line_1_32' title="bbox 904 963 1268 1003; baseline -0.003 -9"><span class='ocrx_word' id='word_1_111' title='bbox 904 963 1094 1003; x_wconf 72' lang='lat' dir='ltr'><strong>virtuteque</strong></span> <span class='ocrx_word' id='word_1_112' title='bbox 1120 963 1268 1002; x_wconf 85' lang='lat' dir='ltr'><strong>paracliti</strong></span> 
     </span>
     <span class='ocr_line' id='line_1_33' title="bbox 903 1011 1272 1050; baseline -0.005 -7"><span class='ocrx_word' id='word_1_113' title='bbox 903 1011 1053 1043; x_wconf 86' lang='lat' dir='ltr'><strong>Custodis</strong></span> <span class='ocrx_word' id='word_1_114' title='bbox 1080 1015 1109 1042; x_wconf 87' lang='lat' dir='ltr'><strong>et</strong></span> <span class='ocrx_word' id='word_1_115' title='bbox 1137 1011 1272 1050; x_wconf 82' lang='lat' dir='ltr'><strong>angelici</strong></span> 
     </span>
     <span class='ocr_line' id='line_1_34' title="bbox 904 1059 1341 1092; baseline 0.005 -3"><span class='ocrx_word' id='word_1_116' title='bbox 904 1059 995 1090; x_wconf 87' lang='lat' dir='ltr'><strong>Dona</strong></span> <span class='ocrx_word' id='word_1_117' title='bbox 1023 1060 1180 1090; x_wconf 78' lang='lat' dir='ltr'><strong>munimen</strong></span> <span class='ocrx_word' id='word_1_118' title='bbox 1208 1059 1341 1092; x_wconf 77' lang='lat' dir='ltr'><strong>animae.</strong></span> 
     </span>
    </p>
   </div>
   <div class='ocr_carea' id='block_1_15' title="bbox 194 1152 1441 1189">
    <p class='ocr_par' dir='ltr' id='par_1_17' title="bbox 194 1152 1441 1189">
     <span class='ocr_line' id='line_1_35' title="bbox 194 1152 1441 1189; baseline -0.002 -8"><span class='ocrx_word' id='word_1_119' title='bbox 194 1154 274 1181; x_wconf 81' lang='lat' dir='ltr'><strong>Orat.</strong></span> <span class='ocrx_word' id='word_1_120' title='bbox 295 1162 348 1179; x_wconf 84' lang='lat' dir='ltr'><strong>ms.</strong></span> <span class='ocrx_word' id='word_1_121' title='bbox 364 1153 554 1189; x_wconf 85' lang='lat' dir='ltr'><strong>Pollingense</strong></span> <span class='ocrx_word' id='word_1_122' title='bbox 576 1155 647 1180; x_wconf 86' lang='lat' dir='ltr'><strong>anni</strong></span> <span class='ocrx_word' id='word_1_123' title='bbox 673 1152 753 1181; x_wconf 77' lang='lat'>1501.</span> <span class='ocrx_word' id='word_1_124' title='bbox 789 1154 862 1182; x_wconf 77' lang='lat' dir='ltr'><strong>clm.</strong></span> <span class='ocrx_word' id='word_1_125' title='bbox 878 1153 1030 1180; x_wconf 71' lang='lat' dir='ltr'><strong>Monaoen.</strong></span> <span class='ocrx_word' id='word_1_126' title='bbox 1057 1152 1165 1181; x_wconf 72' lang='lat'>119‘22.</span> <span class='ocrx_word' id='word_1_127' title='bbox 1189 1169 1223 1172; x_wconf 97' lang='lat'><strong>—</strong></span> <span class='ocrx_word' id='word_1_128' title='bbox 1245 1154 1272 1185; x_wconf 76' lang='lat'><strong>4,</strong></span> <span class='ocrx_word' id='word_1_129' title='bbox 1294 1154 1311 1181; x_wconf 79' lang='lat'><strong>4</strong></span> <span class='ocrx_word' id='word_1_130' title='bbox 1330 1155 1367 1181; x_wconf 87' lang='lat' dir='ltr'><strong>Et</strong></span> <span class='ocrx_word' id='word_1_131' title='bbox 1391 1162 1441 1180; x_wconf 79' lang='lat' dir='ltr'><strong>:ira</strong></span> 
     </span>
    </p>
   </div>
   <div class='ocr_carea' id='block_1_16' title="bbox 120 1189 675 1227">
    <p class='ocr_par' dir='ltr' id='par_1_18' title="bbox 120 1189 675 1227">
     <span class='ocr_line' id='line_1_36' title="bbox 120 1189 675 1227; baseline 0 -8"><span class='ocrx_word' id='word_1_132' title='bbox 120 1193 223 1219; x_wconf 78' lang='lat' dir='ltr'><strong>crucis.</strong></span> <span class='ocrx_word' id='word_1_133' title='bbox 246 1207 280 1210; x_wconf 97' lang='lat'><strong>—</strong></span> <span class='ocrx_word' id='word_1_134' title='bbox 302 1189 327 1222; x_wconf 73' lang='lat'><strong>9,</strong></span> <span class='ocrx_word' id='word_1_135' title='bbox 349 1190 366 1218; x_wconf 81' lang='lat'><strong>3</strong></span> <span class='ocrx_word' id='word_1_136' title='bbox 388 1192 473 1219; x_wconf 86' lang='lat' dir='ltr'><strong>corde</strong></span> <span class='ocrx_word' id='word_1_137' title='bbox 495 1195 523 1219; x_wconf 90' lang='lat' dir='ltr'><strong>et</strong></span> <span class='ocrx_word' id='word_1_138' title='bbox 543 1201 675 1227; x_wconf 81' lang='lat' dir='ltr'><strong>corpore.</strong></span> 
     </span>
    </p>
   </div>
   <div class='ocr_carea' id='block_1_17' title="bbox 171 2465 655 2497">
    <p class='ocr_par' dir='ltr' id='par_1_19' title="bbox 171 2465 655 2497">
     <span class='ocr_line' id='line_1_37' title="bbox 171 2465 655 2497; baseline -0.014 -2"><span class='ocrx_word' id='word_1_139' title='bbox 171 2470 312 2497; x_wconf 80' lang='lat' dir='ltr'><strong>Dreves,</strong></span> <span class='ocrx_word' id='word_1_140' title='bbox 331 2468 379 2491; x_wconf 80' lang='lat' dir='ltr'><strong>Pia</strong></span> <span class='ocrx_word' id='word_1_141' title='bbox 396 2468 560 2492; x_wconf 71' lang='lat' dir='ltr'><strong>Dictamina</strong></span> <span class='ocrx_word' id='word_1_142' title='bbox 594 2465 655 2489; x_wconf 86' lang='lat' dir='ltr'><strong>vn.</strong></span> 
     </span>
    </p>
   </div>
  </div>
 </body>
</html>
