1651 2680
653 91 892 126 „21-

632 188 693 221 Ad
728 188 920 238 Primam:

153 283 160 290 ,
185 253 232 286 Te
257 262 343 296 vere,
370 263 493 286 summa
518 255 658 295 trinitas,
815 257 848 291 2,
876 254 1030 295 Aequalis
1057 262 1126 285 esse
1152 253 1271 295 gloriae

186 301 266 342 Spes
292 305 411 339 nostra,
438 302 529 345 fides,
558 303 686 343 caritas,
876 303 1093 343 Eiusdemque
1118 301 1316 334 substantiae

185 349 291 382 Unum
318 348 457 382 fatemur
482 350 654 382 Dominum
876 350 955 382 Cum
981 355 1073 389 patre
1099 350 1294 389 unigenitum

188 397 344 430 Personas
370 398 465 430 trium
492 399 664 436 nominum.
876 401 925 430 Ac
952 398 1116 437 utriusque
1141 397 1300 438 spiritum.

508 477 539 508 3.
566 475 679 508 Honor
704 476 801 517 patri,
828 477 897 508 laus
923 475 1044 516 genito,

563 523 611 556 Sit
638 524 739 564 gloria
766 523 935 564 paraclito,

564 572 623 610 Qui
650 570 714 603 frui
740 571 832 604 nobis
857 571 1003 604 omnibus

563 620 603 651 Se
630 620 727 651 donet
752 621 783 651 in
811 619 1011 651 caelestibus.

625 715 686 747 Ad
721 715 924 748 Tertiam.

151 812 159 819 .
187 787 280 819 Nunc
305 795 414 818 omnes
440 790 560 827 gentes,
590 787 712 829 populi,
820 789 851 820 2.
881 787 994 819 Cuncti
1022 786 1187 818 laudemus
1213 786 1356 817 inclitum

185 835 303 867 Tribus
330 839 361 866 et
388 834 515 875 linguae
538 836 667 874 singuli„
879 835 1019 872 Patrem,
1046 839 1166 875 natum,
1190 834 1391 874 paraclitum,

185 882 286 918 Senes
313 891 382 914 cum
409 882 598 922 iunioribus,
878 883 956 914 Eius
983 882 1203 914 misericordia

185 931 299 964 Pusilli
327 940 395 962 cum
422 932 608 969 maioribuS,
879 931 923 963 Ut
949 932 1053 963 firmet
1081 940 1137 962 nos
1162 931 1193 962 in
1221 930 1334 967 gratia.

507 1010 539 1042 3.
567 1009 679 1041 Honor
703 1009 799 1048 patri,
825 1009 893 1040 laus
919 1008 1036 1048 genito.

633 1104 695 1137 Ad
730 1104 912 1137 Sextam.

151 1204 158 1210 .
186 1178 211 1210 O
238 1178 365 1209 Adonai
395 1177 540 1215 Domine,
819 1178 851 1209 2.
880 1177 979 1208 Tuam
1007 1176 1250 1208 similitudinem

187 1226 336 1265 Regnans
363 1226 395 1257 in
419 1225 501 1257 caeli
527 1226 676 1263 culmine,
879 1225 913 1257 In
943 1224 1033 1256 nobis
1061 1228 1091 1256 et
1119 1225 1301 1263 imaginem.

188 1275 250 1306 Per
275 1278 362 1305 tuum
389 1273 579 1306 admirabile
878 1273 1035 1305 Infectam
1062 1273 1166 1312 culpa,
1196 1282 1319 1312 repam„

188 1321 310 1354 Nomen
336 1326 367 1353 et
392 1321 553 1354 ineffabile
877 1321 930 1353 Ad
956 1326 987 1352 te
1014 1320 1186 1353 fruendum
1212 1330 1383 1360 praepara.

508 1400 538 1431 3.
567 1399 679 1432 Honor
704 1399 800 1439 patri,
829 1398 897 1430 laus
925 1399 1042 1438 genito.

642 1495 705 1527 Ad
740 1495 907 1528 Nonam.

150 1593 158 1600 .
191 1569 227 1599 ln
253 1567 395 1607 psalmis,
423 1567 558 1607 hymnis,
587 1567 720 1599 canticis
820 1568 852 1601 2.
881 1567 1041 1598 Conserva
1068 1575 1124 1598 nos
1151 1567 1181 1598 in
1209 1566 1314 1606 gratia

185 1616 230 1648 Te
256 1615 427 1648 iubilantes
454 1616 576 1648 melicis
879 1615 920 1648 Et
948 1625 1076 1655 semper
1106 1624 1177 1646 cum
1203 1614 1329 1648 laetitia

190 1665 291 1696 Deum
318 1664 485 1696 laudamus
511 1665 643 1705 pariter,
880 1663 954 1696 Tibi
981 1665 1102 1695 servire
1129 1663 1234 1695 tribue

188 1712 294 1746 Unum
321 1713 441 1744 trinum
467 1713 630 1744 alacriter.
880 1711 1097 1752 Cunctamque
1123 1720 1241 1744 noxam
1267 1711 1366 1745 dilue.

509 1791 540 1823 3.
568 1790 680 1822 Honor
704 1791 800 1830 patri,
828 1790 896 1822 laus
920 1789 1038 1829 genito.

614 1886 674 1918 Ad
712 1886 936 1926 vesperas.

150 1985 158 1993 .
188 1960 214 1993 Ο
242 1959 300 1991 filii
326 1959 491 1999 ecclesiae,
821 1960 853 1991 3.
880 1958 905 1991 O
932 1967 1054 1989 summa
1081 1966 1155 1988 vere
1183 1957 1321 1996 trinitas,

187 2009 290 2041 Deum
317 2008 485 2040 laudemus
509 2008 637 2048 iugiter,
881 2006 1035 2046 Verbum,
1062 2010 1166 2046 pater,
1192 2005 1360 2045 paraclite,

186 2056 230 2090 Ut
257 2065 353 2089 verae
378 2057 468 2098 pacis
495 2057 604 2096 requie
882 2055 907 2088 O
935 2063 1009 2087 vere
1036 2063 1157 2086 summa
1183 2053 1321 2096 bonitas»,

184 2105 347 2138 Fruamur
372 2104 593 2138 aeternaliter.
881 2103 1115 2136 Remunerator
1141 2102 1262 2144 inclite,

150 2209 157 2217 .
185 2183 308 2215 Emitte
334 2183 478 2225 verbum,
508 2181 654 2225 Domine,
821 2182 854 2215 4.
882 2181 960 2214 Post
984 2189 1074 2219 spem
1101 2179 1142 2211 da
1168 2188 1235 2212 rem
1261 2180 1442 2221 percipere,

186 2233 234 2266 Ut
259 2231 360 2264 corda
385 2229 573 2271 liquefaciat
883 2229 960 2262 Post
985 2228 1081 2260 fidem
1110 2226 1172 2260 frui
1200 2228 1318 2268 specie,

184 2281 228 2313 Et
254 2278 353 2312 flante
379 2287 472 2312 sacro
495 2276 624 2310 flamine
883 2276 1094 2317 Perfecteque
1122 2276 1256 2316 diligere

185 2328 316 2362 Fletum
344 2327 462 2360 amoris
488 2326 604 2367 pariat.
883 2324 950 2357 Fac
977 2335 1033 2357 nos
1059 2329 1090 2357 te
1114 2333 1220 2365 regem
1248 2324 1380 2366 gloriae.

511 2405 543 2437 5.
570 2402 636 2437 Uni
661 2403 809 2443 trinoque
834 2402 986 2436 Domino.
