1651 2680
707 111 965 146 —178—

201 210 254 241 39.
284 207 328 240 Ut
353 207 475 240 Christi
501 216 609 238 vocem
637 207 776 246 audiam,
884 209 941 242 44.
968 208 1013 241 Ut
1037 208 1079 239 sit
1102 208 1180 240 mihi
1204 207 1382 247 proficuum

279 256 340 286 Per
359 264 452 295 quam
472 264 602 295 regnum
616 255 810 297 possideam,
964 255 1009 288 Et
1033 260 1158 288 avertat
1183 255 1370 296 periculum,

280 304 342 335 Per
368 307 409 345 te,
437 303 547 342 regina
572 303 722 342 omnium,
966 303 1107 343 Cumque
1131 303 1262 335 micabit
1285 302 1441 334 terminus

282 351 481 391 Virginitatis
507 350 683 390 speculum,
966 351 1112 384 Omnium
1138 344 1245 384 reruni
1271 350 1415 392 caelitus,

195 438 250 469 40.
278 437 375 475 Audi,
404 436 528 469 Christe
554 436 706 475 piissime,
885 438 940 468 45.
968 437 1046 468 Eius
1073 437 1150 468 mihi
1174 436 1333 468 confessio

279 485 383 516 Patris
408 485 581 523 matrisque
606 484 707 525 unice,
966 485 1015 516 Sit.
1039 486 1194 516 scelerum
1219 483 1374 524 remissio,

278 532 368 564 illius
391 532 510 570 absque
536 531 682 572 termino,
964 532 1008 563 Et
1032 531 1195 572 adipiscar
1220 532 1343 564 veniam

277 580 373 611 Istius
400 580 430 610 in
459 580 517 611 hoc
543 579 683 617 saeculo,
965 579 1141 611 Evadendo
1167 579 1367 612 sententiam.

195 668 249 699 41.
277 667 362 697 Audi
390 669 522 697 matrem
550 666 735 705 piissimam,
882 667 936 700 46.
965 666 1032 697 Nec
1058 666 1196 705 imputes
1220 666 1386 707 stultitiae,

277 714 375 752 Quam
403 714 448 744 sic
476 713 581 745 fecisti
607 713 760 745 inclitam.
966 714 1035 745 Rex
1062 713 1189 744 Christe
1215 713 1471 751 clementissime,

279 762 366 792 Haec
392 766 449 798 est,
476 762 563 793 cuius
592 761 766 792 visceribus
968 762 1059 799 Quod
1086 761 1250 792 nominare
1275 761 1387 803 audeo,

280 810 388 840 Dulcis
415 810 551 850 prodisti
579 809 735 840 dulcibus.
963 809 1136 847 Exponere
1161 809 1245 847 quod
1271 817 1404 848 nequeo.

195 898 251 928 42.
278 895 486 926 Dulcedinem
514 895 684 933 inveniam,
882 894 936 926 47.
965 894 1081 933 Legem
1109 894 1191 925 enim
1217 894 1390 925 necessitas

281 946 378 981 Quum
405 944 436 974 in
462 947 492 973 te
519 952 613 982 spero
639 943 776 974 unicam.
967 941 1078 980 Neque
1103 941 1200 972 habet
1225 942 1415 975 adversitas.

277 991 324 1021 'l'u
351 1001 383 1021 es
409 991 491 1021 euim
518 991 660 1021 suavitas
966 990 1056 1028 Vale,
1083 989 1268 1029 redemptor
1293 989 1443 1024 omnium.

279 1040 319 1070 Et
344 1039 512 1078 singularis
541 1039 653 1077 pietas.
965 1037 1124 1068 Generale
1151 1037 1334 1075 dominium,

195 1127 250 1157 43.
278 1125 402 1156 Adiuro
430 1129 470 1157 te,
499 1134 565 1165 rex,
594 1124 707 1155 iterum
882 1124 935 1156 48.
964 1124 1051 1163 Vale,
1078 1124 1170 1155 beata
1198 1124 1324 1154 trinitas

280 1174 341 1204 Per
366 1173 425 1203 hoc
451 1181 563 1203 nomen
590 1172 768 1211 mirificum,
965 1172 1007 1203 Et
1035 1172 1198 1211 triplicata
1224 1171 1340 1210 unitas,

280 1221 408 1251 (junctis
436 1220 531 1251 rebus
557 1220 712 1254 terribile.
969 1220 1045 1250 Vale
1072 1228 1130 1259 per
1155 1228 1247 1250 omne
1272 1219 1432 1251 saeculum

280 1270 406 1299 (unctis
433 1269 546 1299 saeclis
574 1267 728 1302 mirabile,
964 1267 1005 1298 Et
1034 1267 1106 1298 dele
1131 1276 1267 1298 massam
1293 1267 1460 1300 scelerum.

523 1358 577 1386 49.
605 1353 709 1389 Salve,
736 1358 770 1383 tu
796 1353 856 1385 Dei
883 1353 1037 1393 genetrix,

608 1402 705 1439 Virgo
732 1399 987 1438 inaestimabilis,

604 1448 708 1483 Salve.
738 1448 884 1479 caelestis
911 1450 1014 1486 pietas

606 1496 647 1527 Et
673 1496 802 1535 pietatis
826 1495 954 1533 caritas.

605 1543 654 1575 Sis
681 1543 765 1574 servi
791 1544 847 1581 tui,
876 1544 1042 1582 deprecor,

606 1591 757 1622 immeriti
784 1601 845 1622 non
872 1592 1047 1623 immemor.

258 1678 337 1703 Orat.
365 1686 416 1702 ms.
443 1676 622 1703 Benedictin.
648 1675 793 1709 (Monial.)
820 1684 895 1701 saec.
924 1674 996 1701 ¹²s13.
1045 1676 1113 1702 cod.
1137 1677 1232 1711 Capit.
1260 1676 1498 1712 Scaffnabuigen.

183 1714 246 1742 181.
281 1715 313 1740 A.
350 1729 384 1733 —-
419 1715 500 1741 Orat.
534 1724 585 1740 ms.
626 1716 754 1740 incertae
785 1715 857 1748 orig.
896 1722 971 1741 saec.
1007 1712 1049 1740 12.
1102 1714 1171 1741 Cod.
1206 1715 1352 1742 Oxonien.
1387 1715 1497 1742 Canon.

180 1753 304 1781 Miscell.
332 1752 396 1780 266,
426 1753 455 1778 Β.
486 1768 520 1772 -
547 1751 579 1784 2,
613 1751 625 1778 1
656 1752 775 1779 §alveto
804 1753 860 1778 Dei
889 1753 926 1782 Β,
954 1753 1012 1787 vgl.
1041 1751 1092 1785 49,
1122 1753 1144 1779 1.
1174 1767 1210 1771 -
1238 1753 1270 1785 5,
1301 1753 1318 1780 2
1345 1754 1435 1790 Virgo
1463 1755 1497 1781 B.

182 1809 216 1812 Ἀ
246 1791 280 1823 4,
307 1790 324 1818 3
352 1800 420 1827 prae
447 1792 575 1818 omnium
607 1791 638 1816 ΒΔ
670 1807 702 1810 γ
731 1789 763 1821 5,
790 1788 807 1817 3
834 1791 895 1816 Nec
916 1791 1008 1817 sulum
1032 1800 1121 1818 nuum
1142 1792 1248 1819 vitium
1270 1794 1309 1824 A·.
1338 1793 1397 1820 Nec
1419 1792 1498 1819 istud

182 1831 265 1857 modo
290 1831 391 1857 vitium
413 1831 446 1856 B.
469 1845 501 1849 ——
525 1828 550 1860 6,
571 1828 589 1854 3
611 1831 717 1856 misera
738 1831 771 1855 A.
794 1843 828 1846 —
851 1827 881 1859 6,
903 1827 921 1854 4
942 1829 1070 1856 Assidua
1091 1832 1125 1856 A.
1147 1844 1183 1848 —
1205 1829 1231 1863 7,
1253 1829 1270 1857 2
1292 1830 1386 1858 malus
1407 1832 1440 1858 Β.
1462 1845 1498 1850 -

180 1872 212 1902 ,5,
241 1868 259 1892 3
287 1878 371 1895 aures
400 1868 502 1895 beatae
529 1869 643 1894 Mariae
663 1869 704 1900 A,-
731 1875 817 1894 aures
838 1869 1040 1894 sanctissimae
1061 1868 1093 1895 Β.
1116 1884 1152 1887 -—
1172 1867 1202 1900 9,
1230 1868 1249 1896 3
1275 1869 1316 1896 Et
1345 1870 1383 1897 sit
1404 1871 1437 1896 A.
1462 1884 1499 1887 —

180 1908 213 1940 9,
249 1907 267 1933 4
302 1916 410 1941 quaero
446 1916 514 1941 prae
548 1907 682 1933 omuibus
715 1906 772 1931 AB.
807 1919 841 1923 ——
880 1905 927 1941 11,
964 1905 975 1932 1
1014 1907 1056 1932 No
1091 1909 1127 1934 sit
1159 1907 1230 1934 mihi
1264 1910 1298 1934 A.
1331 1922 1368 1926 —-
1402 1906 1450 1940 12,
1481 1906 1499 1934 2

180 1948 226 1973 Me
249 1946 349 1971 sulm-1·
371 1955 400 1971 se
419 1946 596 1980 ‹list-erperet
620 1946 651 1971 Β.
672 1958 706 1962 -
734 1941 781 1971 12.
803 1943 821 1970 4
843 1947 998 1970 contraria.
1021 1959 1055 1962 —
1082 1944 1128 1973 13.
1151 1946 1168 1972 :3
1188 1946 1341 1977 Fervet-sa,
1364 1947 1498 1978 mendax,

181 1984 281 2011 invida
305 1985 335 2010 1²..
360 1999 395 2002 —
420 1982 462 2013 13,
484 1983 502 2010 4
522 1983 627 2017 cupida
651 1983 682 2009 B.
704 1997 739 2001 —
764 1980 806 2013 14,
829 1980 846 2008 2
867 1983 1052 2018 Μωίριιεῳιε
1075 1993 1188 2019 semper
1209 1986 1243 2011 A.
1264 1999 1301 2003 —
1324 1984 1368 2016 16,
1390 1983 1408 2011 3
1425 1985 1498 2012 Cum

180 2025 211 2049 Β.
234 2037 268 2040 β
293 2021 333 2053 19,
358 2021 370 2048 1
394 2023 466 2048 meis
488 2023 519 2048 Β.
545 2036 579 2039 —-
602 2020 645 2053 20,
669 2019 686 2047 2
707 2021 787 2047 socia
809 2021 850 2053 A·
872 2021 903 2047 si
926 2021 1027 2047 horum
1052 2023 1082 2048 Ρ,
1101 2039 1132 2042 -
1150 2021 1194 2053 24),
1218 2022 1236 2051 3
1251 2025 1389 2050 miseram
1410 2025 1444 2051 A.
1461 2037 1496 2042 --

179 2060 266 2093 21,1
290 2060 398 2087 lactata
422 2062 454 2086 A.
476 2077 511 2080 —
533 2058 584 2091 21,
606 2057 623 2085 ‘2
644 2059 755 2086 nutrita
776 2059 809 2085 A.
831 2073 867 2076 -
889 2057 941 2090 21,
962 2058 980 2086 3
1000 2060 1142 2087 infernale
1165 2062 1197 2087 A
1220 2077 1256 2079 —
1277 2060 1327 2094 23,
1349 2060 1368 2088 3
1390 2064 1498 2089 misera

179 2100 316 2134 effugiam
340 2100 372 2125 A
394 2113 430 2116 ἢ
451 2097 487 2124 23
498 2097 541 2129 ,4
564 2102 697 2132 expetam
721 2099 753 2123 A.
773 2111 810 2115 —
831 2095 882 2127 24
908 2095 919 2122 1
944 2098 1015 2125 Cum
1039 2103 1174 2133 peccator
1195 2100 1232 2133 B,
1255 2101 1325 2127 Sum
1349 2101 1500 2135 peccatrix

180 2139 212 2164 A.
235 2153 270 2156 —
292 2136 328 2162 2
333 2137 377 2169 ,4
399 2147 442 2163 ιιι(
466 2137 603 2164 'lucili-ini
625 2136 713 2162 ‹miser›
735 2136 767 2161 A.
790 2149 824 2153 -
848 2134 1095 2167 29,1‹·-ae101um
1118 2138 1150 2163 A.
1172 2152 1209 2155 —
1230 2136 1275 2170 31,
1297 2137 1446 2166 4FiatA.
1462 2153 1499 2157 —

177 2175 228 2207 34.
260 2176 276 2191 ⁰
303 2177 425 2202 Ser'z‘exn
457 2177 545 2202 nimis
568 2175 599 2200 Β.
621 2189 658 2192 —-
678 2172 729 2204 .34,
760 2171 778 2200 3
797 2174 887 2200 Aufer
909 2174 979 2200 mihi
1002 2175 1034 2201 B
1056 2189 1092 2194 —-
1113 2174 1164 2206 34.
1193 2174 1365 2227 4O1udigam
1387 2180 1426 2210 A;
1454 2176 1498 2205 ffl-

177 2215 298 2250 dignum
321 2215 353 2241 Β,
376 2228 411 2231 -
433 2213 478 2245 35,
500 2212 517 2240 2
539 2218 619 2247 Quas
641 2213 673 2239 A.
701 2226 732 2229 —
753 2209 798 2243 37,
821 2210 838 2238 2
854 2213 1017 2239 miserrima
1039 2214 1072 2239 A.
1094 2228 1130 2232 —
1150 2195 1196 2245 40,
1219 2214 1236 2242 3
1250 2216 1356 2251 llliusq
1359 2225 1395 2244 ue
1410 2200 1446 2244 Β.
1461 2231 1499 2235 -

177 2252 231 2282 423,
261 2251 272 2278 1
302 2253 364 2279 Ado
360 2261 399 2278 nro
427 2256 455 2278 te
478 2254 508 2279 Β.
531 2267 565 2270 -
588 2251 625 2277 43
672 2249 689 2277 2
711 2250 864 2277 mirificum
894 2254 1155 2287 tetragrammaton
1175 2253 1208 2279 A.
1234 2268 1265 2273 —
1290 2225 1405 2282 Sti-(147
1427 2255 1500 2282 fehlt

179 2293 211 2318 A.
241 2305 275 2309 —
304 2289 356 2322 49,
384 2290 400 2316 ¹3
428 2292 474 2317 sis
497 2290 622 2317 ancill-ie
643 2293 711 2316 tuae
733 2289 854 2316 obsecro
876 2289 909 2314 A.
931 2304 968 2308 —
971 2275 1042 2321 49,
1070 2290 1087 2318 6
1107 2291 1170 2318 Iam
1193 2293 1304 2320 meritis
1326 2302 1386 2321 non
1407 2294 1440 2321 A.
1463 2308 1499 2312 —

178 2331 235 2357 Ein
256 2329 439 2355 ssruchstflck
461 2329 522 2356 dies
511 2338 556 2355 es
578 2328 684 2355 Liedes
705 2327 785 2355 siehe
807 2325 893 2354 Anal.
916 2328 1049 2360 XXXII,
1074 2327 1137 2356 193.
1178 2330 1212 2356 In
1235 2332 1258 2357 B
1281 2331 1414 2360 schliesst
1434 2332 1498 2360 sich

177 2378 213 2396 an
235 2368 298 2394 dies
321 2367 392 2394 Lied
414 2367 604 2394 unmittelbar
624 2368 674 2394 ΝΥ.
699 2363 752 2392 130
772 2375 818 2393 an.
835 2380 870 2384 -—
894 2366 949 2393 Die
964 2366 1118 2394 Kollation
1139 2376 1197 2395 von
1212 2370 1235 2396 B
1255 2370 1331 2397 nach
1347 2371 1500 2398 Abschrift

176 2417 232 2433 von
256 2407 325 2433 Rev.
348 2406 385 2433 H.
408 2407 447 2432 M.
469 2407 633 2433 hannister.

1643 1733 1651 1879 -⁴—‘=...
1649 1713 1651 1719 Δ
1649 1687 1651 1698 -
