1653 2680
711 95 971 132 —386—

889 194 942 227 19.
969 188 1138 232 Unumque
1164 192 1294 232 trinum,

967 239 1056 273 Unus
1082 239 1264 279 triumphis,

966 288 1072 321 Uerus
1097 288 1231 328 occisus,

965 335 1070 369 Uerus
1095 339 1254 371 aeternus,

965 382 1085 416 Uolans
1111 384 1153 414 ad
1179 383 1313 425 caelum,

962 431 1084 464 Uivens
1109 434 1269 463 aeternus

197 189 251 222 17.
277 187 425 231 Satisque
451 191 588 235 pinguis,

277 237 380 270 Satiat
404 239 497 271 nimis

277 285 380 326 Sapor
405 287 456 319 vel
481 293 599 330 gustus,

276 333 378 366 Satiat
403 338 526 375 pectus,

276 381 430 423 Solusque
458 383 570 421 bonus,

274 430 394 463 Similis
420 431 535 462 nullus,

961 550 1099 587 Xristus
1125 558 1174 585 est
1198 556 1303 596 natus,

957 602 1088 634 Xristus
1114 605 1161 633 est
1188 610 1312 641 passus,

958 650 1088 682 Xristus
1112 649 1145 681 in
1173 657 1276 688 cruce,

956 697 1086 729 Xristus
1112 706 1146 728 se
1172 697 1276 735 iussit,

956 745 1086 776 Xristus
1113 742 1176 786 (in)
1203 745 1365 785 sepulcro,

956 791 1086 823 Xristus
1113 793 1336 833 (re)surrexit.

191 554 246 588 18.
274 552 416 588 Trinitas
443 564 575 595 summa,
878 555 934 587 20.

272 602 345 634 Tibi
371 603 413 633 sit
438 602 550 642 gloria,

272 650 319 682 Tu
346 649 448 681 factor
475 650 565 689 bone,

269 698 317 729 Tu
343 698 464 729 cunctis
490 698 565 739 vita,

270 746 374 776 Tanta
399 754 479 785 quae
505 755 618 787 magna

269 794 361 833 Tegit
387 793 444 824 sub
473 797 570 824 astra.

250 917 369 944 Collect.
392 926 442 943 ms.
460 917 652 942 Laudunense
675 924 750 942 saec.
774 913 817 942 10.
852 915 922 942 Cod.
940 915 1063 941 Beruen.
1081 912 1145 941 455.
1162 928 1199 933 -—
1215 913 1242 946 2,
1264 913 1281 941 6
1296 916 1438 951 Benigna.
1454 931 1490 936 —

171 954 201 985 4,
224 954 241 981 6
262 955 368 981 Decior
393 955 467 980 wohl
491 963 522 979 so
546 954 603 980 viel
625 954 668 979 als
686 954 851 981 Decentior.
875 967 910 971 —
931 951 961 985 5,
985 952 1002 980 3
1023 952 1174 979 Excelsas.
1196 967 1234 971 -—
1255 951 1285 986 5,
1309 952 1328 980 4
1347 954 1432 981 male.
1454 970 1490 974 —-

170 992 197 1023 6,
222 992 233 1020 l
257 996 390 1027 acceptor
411 994 456 1019 fiir
472 994 620 1027 accipiter.
644 1005 678 1009 -
701 990 726 1023 7,
750 991 920 1018 lGloriam.
942 1005 978 1009 —
999 989 1025 1023 8,
1050 989 1062 1017 l
1082 991 1139 1017 Hic
1155 992 1194 1017 in.
1210 1005 1248 1009 —
1264 989 1290 1023 8,
1312 990 1437 1019 2vultu.
1452 1006 1489 1011 —-

170 1029 197 1062 9,
220 1031 233 1058 l
256 1032 320 1057 viri.
346 1045 381 1049 —
403 1030 429 1061 9,
450 1029 468 1057 ⁴2
489 1039 552 1057 eum
574 1031 663 1056 floris.
684 1044 719 1048 —
745 1028 786 1057 10.
808 1027 825 1055 2
846 1030 1001 1056 vibrantis.
1015 1043 1053 1047 —
1069 1026 1112 1060 10,
1134 1027 1152 1056 3
1168 1030 1337 1064 Liquescet.
1352 1045 1390 1049 —
1407 1029 1450 1061 11,
1472 1030 1489 1058 5

170 1070 308 1104 Malique.
327 1084 362 1087 —
386 1069 428 1101 11,
450 1068 466 1095 6
487 1070 590 1104 tangit.
612 1082 649 1085 ——
671 1067 713 1100 13,
735 1066 753 1094 2
774 1068 898 1094 oblitum
919 1067 1000 1094 nidu.
1021 1083 1059 1086 —
1082 1066 1125 1098 13,
1148 1065 1165 1094 3
1183 1068 1323 1095 Ornatur.
1347 1083 1380 1086 —
1407 1067 1449 1103 15,
1474 1068 1487 1096 l

169 1108 297 1142 pulcher.
318 1123 354 1126 —
379 1107 420 1137 15,
443 1106 460 1133 4
483 1106 729 1133 unverstiindlich.
751 1120 788 1123 —
812 1104 855 1138 16,
878 1104 895 1132 6
917 1114 990 1132 esso.
1015 1122 1049 1125 —
1073 1103 1116 1137 18,
1142 1104 1155 1132 1
1179 1109 1283 1132 sumat.

627 1304 694 1334 333.
736 1302 886 1344 Dialogus
907 1303 1018 1334 Avari.

179 1425 208 1457 1.
236 1424 420 1463 Quicunque
447 1423 513 1453 vult
539 1423 645 1454 salvus
673 1430 750 1463 esse,
862 1420 894 1455 4.
922 1421 1046 1459 Sperne
1072 1420 1192 1452 factum
1220 1422 1312 1453 huius
1339 1423 1436 1465 modi,

236 1472 278 1504 Ut
305 1474 485 1501 contemnat
509 1474 557 1501 est
584 1478 712 1500 necesse

283 1519 410 1552 Crimen
436 1518 602 1555 avaritiae,

234 1567 331 1599 Nulla
357 1566 456 1605 gratis
485 1565 538 1596 dat
565 1573 689 1605 avarus,

233 1615 408 1654 Largitatis
434 1617 480 1644 est
508 1613 647 1653 ignarus,

282 1662 418 1693 Virtutis
446 1665 477 1691 et
503 1661 634 1699 gratiae.

173 1790 205 1821 2.
230 1786 407 1825 Responsio
432 1785 511 1815 haec
536 1784 642 1815 avari:

230 1835 297 1868 Nos
323 1836 449 1872 oportet
475 1832 608 1871 gloriari

278 1883 314 1914 In
341 1889 434 1912 cruce
459 1880 577 1911 nummi
604 1879 742 1921 Domini,

230 1932 407 1969 Paupertas
431 1937 493 1959 non
521 1927 617 1958 habet
641 1927 737 1967 leges,

229 1979 312 2011 Dum
338 1980 372 2008 tu
398 1976 495 2008 tantis
521 1975 615 2006 rebus
642 1983 724 2015 eges,

275 2027 361 2065 Quae
387 2027 460 2055 sunt
486 2022 543 2054 tibi
567 2023 635 2053 laus
654 2022 781 2054 homini.

170 2154 203 2185 3.
228 2152 320 2184 Dona
344 2148 454 2189 gratis,
482 2150 516 2178 ut
543 2147 588 2178 sis
616 2150 734 2188 gratus,

228 2199 321 2232 Felix
346 2197 409 2229 eris
435 2199 468 2226 et
492 2194 604 2226 beatus

274 2246 319 2278 Et
343 2249 374 2277 te
400 2244 487 2276 Deus
514 2243 637 2283 diliget,

228 2296 310 2328 Nam
335 2293 468 2325 hilarem
495 2290 692 2329 donatorem,

225 2342 431 2383 Largientem
456 2348 544 2371 more
570 2346 699 2376 morem,

273 2391 360 2424 Deus
384 2388 446 2422 sibi
473 2387 579 2428 eliget.

921 1468 1012 1500 Dixit
1038 1469 1127 1510 Cato,
1156 1478 1222 1500 rem
1251 1470 1387 1510 custodi,

970 1517 1077 1555 Dilige
1105 1517 1295 1556 denarium;

922 1563 1003 1595 Nam
1031 1565 1082 1604 qui
1110 1573 1165 1596 sua
1191 1565 1237 1596 sic
1265 1566 1433 1600 consumit.

921 1612 1035 1644 Aliena
1063 1613 1191 1652 quando
1219 1614 1326 1655 sumit,

970 1660 1116 1691 Vertitur
1141 1662 1172 1692 in
1201 1661 1321 1694 odium.

884 1809 891 1815 .
919 1784 1000 1815 Vilis
1027 1793 1122 1824 opum
1148 1788 1197 1815 est
1223 1793 1369 1828 acervus,

916 1833 999 1871 Quas
1032 1836 1067 1863 tu
1093 1842 1204 1864 servas
1230 1835 1321 1872 quasi
1346 1843 1478 1877 servus;

963 1879 1129 1920 Largitate
1154 1879 1307 1920 fungere!

915 1927 959 1959 Ut
985 1928 1062 1958 mihi
1087 1928 1129 1959 sit
1153 1929 1225 1959 laus
1252 1935 1283 1960 et
1311 1930 1422 1972 honor,

916 1975 989 2006 Non
1014 1976 1092 2006 meis
1119 1985 1168 2007 me
1196 1976 1292 2008 rebus
1318 1987 1417 2010 conor

962 2023 1057 2063 Quasi
1083 2031 1194 2055 servus
1222 2024 1372 2058 subdere.

915 2146 941 2178 Ο
968 2156 1062 2187 quam
1088 2145 1177 2188 felix,
1208 2156 1301 2186 quam
1328 2159 1463 2185 amoena

914 2193 1075 2233 opulenta
1100 2193 1136 2226 fit
1163 2204 1316 2229 crumena

961 2242 1003 2274 Et
1029 2251 1230 2274 nummorum
1257 2245 1365 2285 copia!

911 2289 975 2322 Ubi
1002 2290 1134 2331 nummi,
1160 2290 1205 2322 ibi
1233 2300 1357 2334 census,

910 2337 977 2370 Ubi
1002 2347 1101 2379 amor,
1127 2338 1173 2370 ibi
1200 2347 1323 2380 sensus,

960 2386 1009 2419 lbi
1034 2395 1098 2425 pax
1125 2390 1156 2418 et
1183 2387 1296 2427 gloria.
