1651 2680
679 97 721 102 ——
770 77 935 112 330—

162 176 195 208 3.
223 175 355 215 Corpus,
383 175 510 214 sanguis
539 173 665 206 Domini

266 231 323 262 per
349 221 407 253 bos
433 226 647 264 consecratur,

222 270 360 310 Regibus
386 273 417 299 et
443 268 576 301 ducibus

268 317 353 349 istud
379 317 563 357 denegatur,

218 366 315 397 Sacra
341 365 435 404 pistis
462 365 595 396 ducibus

267 423 329 444 non
354 413 433 444 haec
459 413 667 453 condonatur,

224 462 285 492 Per
310 460 410 500 signa,
438 461 535 492 verba
562 461 696 500 mystica

267 508 368 540 fornia
394 508 558 548 figuratur.

162 601 193 630 4.
220 599 245 631 O
272 608 348 639 gens
374 603 495 637 sancta,
521 600 601 631 mira
626 602 745 640 quanta

268 647 353 678 Deus
379 653 540 686 operatur,

224 696 289 727 Iani
316 703 374 734 per
399 695 498 734 signa,
527 694 625 726 verba
651 695 746 733 digna

272 742 365 774 Panis
392 743 587 779 incarnatur,

222 790 264 821 Et
289 799 328 821 ex
354 800 435 829 aqua
460 790 547 822 fonte
572 790 639 822 lata

270 838 403 877 Sanguis
430 841 627 877 procreatur.

162 930 194 959 5.
222 928 283 959 Hic
309 931 357 959 est
384 929 481 967 Iesus,
509 929 607 968 virgis
634 937 752 966 caesuS‚

220 975 330 1007 Dulcis
357 984 447 1015 esus3
474 985 543 1008 cum
569 977 610 1007 sit
634 985 717 1014 esus,

268 1023 338 1054 Non
365 1027 413 1054 est
437 1024 551 1062 laesuS‚

219 1071 330 1102 Manet
354 1074 458 1102 tamen
485 1072 681 1111 integramen

218 1119 358 1149 Pneuma
383 1117 495 1150 flamen
524 1123 555 1149 et
581 1120 752 1158 spiramen.

163 1209 194 1240 6.
223 1207 300 1239 Veri
327 1208 396 1246 Dei,
425 1214 553 1241 nostrae
579 1209 656 1248 spei,

222 1257 256 1287 In
284 1259 459 1297 aeternum,
485 1257 516 1288 in
544 1265 724 1296 supernum,

269 1304 325 1342 Qui
352 1302 509 1335 infernum

221 1352 323 1391 Regit,
352 1350 446 1391 fregit
472 1356 503 1382 et
528 1352 651 1391 subegit

220 1398 399 1439 Maiestate,
428 1402 595 1438 potestate,

217 1446 370 1485 Adorate‚
398 1455 505 1486 regum
531 1450 634 1480 natae.

158 1536 188 1569 7.
215 1537 273 1575 Qui
300 1537 449 1569 formavit

216 1584 257 1615 Et
284 1585 463 1624 plasmavit.

214 1632 388 1672 Animavit‚

263 1680 415 1719 Spiritum
444 1681 527 1713 vitae

215 1727 298 1758 Dum
323 1726 445 1759 inflavit

214 1775 258 1806 Et
283 1775 411 1814 cibavit,

214 1823 307 1854 Pavit
332 1826 363 1852 et
388 1823 503 1858 beavit.

214 1873 297 1909 Quos
323 1871 438 1902 sudore

213 1918 256 1950 Et
282 1927 393 1950 cruore

213 1966 318 2006 Lavit,
346 1967 484 2006 expiavit

213 2013 362 2046 Nostram
390 2015 486 2046 vitam

213 2061 405 2093 Redimitam

212 2109 363 2141 Nostrum
389 2119 490 2149 omen,

215 2157 365 2189 Vestrnni
394 2167 507 2190 nomen

261 2203 346 2238 Hinc
372 2205 529 2244 laudetur,

221 2299 416 2344 Collect3ms.
439 2302 617 2329 Stiriacense
638 2311 712 2330 saec.
737 2301 781 2329 15.
821 2303 891 2330 cod.
913 2303 1067 2332 Stiriacen.
1089 2306 1114 2333 L
1136 2304 1172 2334 26
1193 2304 1229 2343 [s.
1251 2306 1302 2344 n.].
1324 2324 1360 2329 —-
1383 2308 1416 2342 2,
1441 2310 1455 2338 1

144 2337 318 2365 Sacerdotes
348 2348 466 2375 inquam
495 2341 598 2376 gloria.
625 2355 663 2360 ——
689 2340 724 2372 3,
755 2339 770 2367 1
793 2341 870 2374 Quia
890 2350 1004 2377 corpus.
1026 2345 1146 2381 sanguis
1167 2345 1298 2375 Domini.
1319 2362 1356 2365 —
1379 2346 1410 2381 3,
1440 2347 1459 2376 2

142 2379 358 2405 consecrantur.
386 2392 422 2395 —
449 2376 481 2411 3,
511 2378 529 2406 4
551 2379 607 2405 ista
628 2379 818 2416 denegantur.
839 2395 876 2398 —
895 2379 928 2414 3,
951 2380 968 2408 6
989 2381 1053 2409 hoc.
1074 2397 1112 2402 -
1131 2381 1164 2416 3,
1189 2382 1207 2411 8
1228 2385 1399 2422 figurantur.
1420 2403 1458 2406 —

956 174 1134 206 Veneretur

954 222 1176 264 Benedicetur‚

954 271 1125 302 Invocetur

905 317 949 350 Ut
974 319 1110 359 salvare,

905 365 976 397 Non
1004 366 1166 405 damnare,

906 413 971 445 Vos
996 414 1092 446 beare

953 461 1181 503 Condignetur.

953 510 1050 542 Vobis
1077 509 1171 542 detur

905 556 1036 589 Sacrum
1062 557 1176 589 flamen

905 604 948 636 Et
973 606 1121 638 iuvamen

953 653 990 684 In
1016 652 1150 693 perenni
1175 653 1287 693 gloria.

868 790 875 797 ,
901 762 979 799 Ens,
1003 763 1071 794 usia

904 810 946 841 Et
972 811 1095 850 sophia,

905 857 988 889 Voce
1014 859 1076 889 tria

950 905 1022 937 Una
1048 906 1252 945 persistentia

902 953 987 984 Ecce
1013 952 1103 993 fides,

903 1001 975 1032 Non
1002 1001 1120 1033 relides

904 1048 1014 1087 Neque
1039 1048 1167 1088 strides,

898 1097 977 1135 Quia
1003 1096 1093 1135 fides,

902 1144 937 1174 In
964 1144 1033 1174 usia

902 1192 969 1223 Ista
994 1191 1057 1222 tria

926 1239 1030 1271 Unum
1057 1240 1285 1278 permanentia.

870 1373 877 1380 .
905 1348 1104 1384 Sacerdotes,

903 1396 1016 1427 Mundi
1043 1401 1138 1435 cotes,

903 1443 990 1475 Caeli
1017 1445 1106 1474 dotes

897 1492 940 1524 Et
966 1496 1097 1530 nepotes

899 1540 985 1572 Estis
1012 1548 1086 1570 vere

899 1587 942 1619 Et
967 1588 1108 1626 sincere,

899 1635 964 1666 Vos
990 1639 1081 1666 avete

898 1683 941 1715 Et
965 1682 1087 1722 florete,

899 1730 974 1762 Cum
1003 1732 1107 1770 quiete

897 1778 1040 1818 Regnum
1067 1779 1151 1810 vitae
1177 1780 1352 1821 possidete,

897 1826 1120 1858 Hierarchiam
1146 1826 1297 1869 obtinete,

897 1873 969 1905 Una
994 1883 1116 1906 mecum
1145 1877 1342 1914 congaudete

896 1921 1014 1953 Solium
1043 1931 1216 1962 supernum

896 1969 938 2001 Et
964 1974 1125 2002 aeternum

898 2017 1047 2053 Ovanter,

898 2064 1081 2106 Laetanter‚

897 2111 1082 2145 Glorianter

897 2159 994 2192 Vobis
1022 2163 1114 2194 cedat
1141 2171 1212 2194 cum
1238 2164 1384 2196 omnibus

896 2209 1022 2241 Sanctis
1048 2211 1295 2251 triumphanter.
