1651 2680
704 95 965 130 -272-

349 201 410 233 Ad
444 200 624 235 Sextam.
1047 200 1108 234 Ad
1142 200 1309 233 Nonam.

940 277 1056 309 Iuvans
1081 286 1176 318 prece
1200 286 1258 309 nos
1283 285 1303 308 a
1328 283 1406 307 nece

988 324 1079 365 Dira,
1104 325 1272 367 Iohannes,
1299 324 1398 363 eripe,

940 372 1034 415 Pugil
1060 371 1163 412 fortis,
1190 372 1270 404 hora
1294 371 1406 404 mortis

986 420 1080 452 Hanc
1105 420 1230 460 plebem
1253 424 1337 452 tuam
1356 418 1493 459 suscipe.

250 277 404 317 Eremita‚
431 280 486 308 tua
512 277 577 308 vita

300 324 490 364 Exemplum
518 328 566 355 est
590 323 766 355 munditiae

250 371 303 402 Ad
330 372 531 411 pulsandum,
559 370 782 403 detestandum

297 419 425 451 Crimen
450 419 681 458 impudicitiae.

672 533 731 565 Ad
768 533 995 575 vesperas.

197 609 226 641 1.
253 608 374 648 Dignus
400 609 494 640 laude
521 614 663 649 martyr,
695 610 808 649 gaude,

302 657 398 695 Virgo
432 657 599 698 baptizans
626 657 807 699 Dominum,

254 704 340 735 Doce
367 703 509 745 formam,
539 705 631 735 trade
658 714 801 736 normam

302 752 438 783 Delendi
466 752 576 784 sordes
604 753 781 786 criminum.

882 611 914 642 2.
944 610 1036 642 Salus
1061 615 1190 650 praesto
1215 610 1307 642 nobis
1333 614 1401 641 esto

989 658 1126 690 Virtutis
1152 660 1273 691 donans
1299 658 1457 697 meritum,

942 706 1004 737 Hic
1029 706 1163 746 gratiam
1190 710 1221 737 et
1246 706 1378 746 gloriam

990 753 1090 785 Nobis
1116 757 1189 794 post
1212 762 1272 785 noe
1298 753 1455 786 exsilium.

638 830 668 862 3.
697 829 829 861 Sidereo
856 830 922 869 regi
950 829 1030 861 Deo.

615 944 675 974 Ad
711 944 1058 984 Completorium.

194 1020 227 1052 1.
256 1019 303 1050 Tu
330 1018 473 1057 signifer,
501 1023 534 1050 tu
561 1019 675 1050 lucifer

299 1067 513 1098 Praecurrens
532 1072 605 1098 ante
626 1068 807 1107 Dominum,

252 1115 302 1145 Ad
330 1123 421 1154 quem
448 1115 495 1145 ire
522 1114 573 1146 fac
599 1124 710 1146 secure

300 1162 366 1193 Nos
398 1171 456 1201 per
481 1163 599 1193 saeculi
626 1163 806 1195 terminum.

880 1022 912 1054 2.
942 1020 1075 1052 Sidereo
1099 1021 1165 1060 regi
1191 1020 1260 1052 Deo

989 1069 1083 1107 Laus,
1112 1068 1222 1109 honor,
1249 1068 1361 1107 virtus,
1385 1069 1496 1110 gloria,

940 1117 1000 1155 Qui
1027 1125 1083 1147 nos
1111 1116 1206 1147 ducat
1233 1120 1262 1147 et
1290 1117 1443 1155 perducat

989 1163 1042 1195 Ad
1069 1163 1226 1194 caelorum
1254 1164 1384 1203 palatia.

258 1238 355 1263 Horac-
384 1238 473 1263 mlv.
503 1246 558 1263 sec.
588 1247 671 1264 usum
700 1239 910 1265 Car-notensem
941 1247 1016 1266 saec.
1046 1238 1087 1265 14.
1135 1239 1206 1265 Cod.
1234 1239 1367 1265 Vatican.
1394 1240 1496 1275 Regin.

182 1274 244 1302 130.
267 1289 303 1293 —
324 1275 373 1301 Ad
396 1276 476 1301 Mat.
499 1273 525 1307 2,
546 1274 563 1301 2
585 1276 719 1302 Viventis
741 1276 912 1303 Zachariae.
928 1291 965 1294 —
980 1277 1028 1302 Ad
1044 1277 1150 1303 Prim.
1176 1276 1198 1309 1,
1221 1275 1238 1303 2
1252 1277 1393 1304 Iohannis
1414 1286 1497 1313 prae-

179 1315 266 1339 conio
298 1322 423 1339 munere.
444 1327 481 1330 —
503 1313 552 1339 Ad
574 1314 671 1340 Tert.
699 1313 728 1345 1,
757 1311 775 1339 3
797 1314 949 1350 Diligebat
969 1318 997 1341 et
1018 1315 1164 1341 servabat.
1186 1330 1221 1334 —
1244 1315 1290 1342 Ad
1316 1316 1411 1342 Sext.
1436 1315 1460 1348 1,
1483 1315 1497 1342 1

181 1353 242 1377 vita
269 1355 328 1377 tua.
350 1365 385 1368 —-
410 1350 438 1383 1,
465 1350 482 1377 3
511 1360 553 1385 sq.
575 1352 619 1377 Ad
646 1352 786 1386 populum
816 1353 980 1379 sanctitatis
1010 1354 1140 1379 crimine.
1167 1369 1198 1372 —
1220 1354 1270 1380 Ad
1291 1354 1398 1389 Vespr
1420 1353 1453 1385 2,
1480 1353 1499 1381 4

182 1390 266 1415 Lies:
288 1389 381 1415 Nobis
403 1392 468 1423 post
489 1390 567 1415 vitae
590 1390 721 1415 exitum?
736 1403 772 1407 —
788 1390 845 1416 Die
860 1390 1026 1425 Doxologie
1047 1391 1218 1418 wiederholt
1239 1392 1301 1418 sich
1323 1393 1397 1419 nach
1416 1393 1499 1427 jeder

180 1427 343 1460 Tagoszeit.

543 1537 610 1568 235.
653 1539 693 1568 De
715 1547 738 1568 s.
760 1539 897 1570 Iohanne
918 1540 1137 1579 Evangelistu.

196 1636 232 1668 1.
259 1635 460 1667 Extollamus
487 1637 587 1667 virum
615 1642 769 1678 sanctum,

259 1684 356 1721 Quem
384 1685 471 1715 Iesus
499 1685 610 1716 dilexit
637 1689 771 1724 tantum,

260 1731 381 1770 Pangat
407 1731 468 1762 sibi
494 1741 609 1764 novum
637 1737 762 1764 cantum

305 1779 450 1810 Militans
476 1781 620 1812 ecclesia.

259 1826 392 1857 Sanctus
418 1827 469 1857 hic
495 1829 689 1868 evangelista

255 1874 369 1905 Almus
395 1875 453 1906 Dei
479 1874 512 1906 fit
540 1877 714 1915 symmista,

256 1921 366 1953 Laude
392 1932 542 1962 praesens
569 1925 610 1955 sit
636 1926 667 1955 in
694 1925 767 1964 ista,

302 1969 363 2000 Det
390 1971 480 2001 nobis
507 1972 636 2006 auxilia.

885 1641 916 1673 3.
944 1640 1043 1671 Totus
1069 1641 1181 1680 plenus
1207 1642 1388 1679 sanctitate,

944 1687 1121 1720 Luculenta
1146 1689 1292 1731 veritate,

945 1735 1058 1767 Custos
1085 1736 1216 1776 virginis
1243 1742 1387 1771 sacratae

990 1783 1126 1815 Exstitit
1153 1790 1185 1816 et
1211 1785 1305 1820 filius

942 1831 1032 1862 Haec
1058 1837 1106 1863 est
1131 1842 1207 1865 arca
1232 1834 1465 1877 thesaurorum,

944 1879 980 1910 In
1007 1889 1069 1919 qua
1096 1880 1184 1912 cibus
1210 1883 1394 1922 augelorum

941 1927 1048 1967 Atque
1076 1938 1192 1960 manna
1218 1930 1383 1963 beatorum

990 1975 1031 2006 Et
1060 1975 1183 2008 fructus
1210 1979 1354 2011 eximius.

198 2046 229 2076 2.
259 2045 321 2076 Hic
347 2047 502 2079 lohannes
529 2049 578 2079 vir
601 2049 728 2091 amoris,

256 2093 313 2124 Vir
339 2095 485 2126 candoris
512 2099 543 2126 et
569 2096 703 2132 decoris,

259 2140 346 2171 Sacri
373 2143 453 2173 roris
477 2147 507 2174 et
535 2144 674 2175 dulcoris

881 2053 912 2083 4.
938 2051 1001 2083 Hic
1027 2053 1184 2085 Iohannes
1211 2055 1261 2086 vir
1287 2055 1424 2096 divinus,

943 2099 1039 2131 Cuius
1065 2101 1151 2132 visus
1178 2103 1353 2144 angelinus,

306 2189 420 2220 Plenus
448 2191 701 2231 chaxismatibuS,

259 2236 409 2268 Caritatis
435 2239 635 2280 excellentis,

258 2283 423 2316 Castitatis
450 2287 635 2326 redolentis,

256 2332 323 2371 Quo
349 2333 490 2372 repletur
515 2335 612 2366 ardor
636 2335 750 2366 mentis

303 2379 458 2412 Flaminis
484 2381 660 2415 affectibus.

942 2148 995 2178 Ad
1021 2156 1159 2187 superna
1184 2150 1238 2189 qui
1267 2150 1400 2185 festinus

991 2195 1245 2235 Contemplando
1271 2199 1397 2234 claruit.

942 2243 1005 2274 Hic
1030 2252 1108 2283 prae
1135 2246 1250 2277 ceteris
1277 2247 1412 2282 dilectus

942 2290 986 2322 Et
1013 2289 1162 2323 defensus
1189 2297 1221 2324 et
1245 2299 1419 2338 protectus,

941 2338 1014 2370 lesu
1039 2338 1158 2371 Christi
1184 2349 1282 2381 supra
1306 2349 1418 2383 pectus

990 2386 1028 2418 In
1055 2395 1131 2418 cena
1158 2388 1313 2423 recubuit.
