1651 2680
747 109 795 115 —
845 91 913 127 174
961 111 1006 116 —

261 191 292 218 9.
320 186 418 226 Virgo
443 188 559 225 Maria,
586 187 709 227 respice
921 188 977 221 11.
1003 187 1029 220 Ο
1056 189 1155 229 virgo,
1183 193 1286 220 mater
1311 185 1453 227 Domini,

317 235 495 274 Precesque
520 239 646 266 nostras
671 235 808 275 suscipe,
1002 236 1144 268 Attende
1169 245 1262 268 voces
1289 234 1414 276 populi,

316 282 450 314 Peccata
474 283 534 314 iam
562 283 739 322 praeterita
1003 284 1063 315 Per
1087 287 1119 315 te
1144 284 1223 315 cleri
1248 281 1435 314 criminibus

317 329 467 361 Remittat
492 330 593 362 nobis.
621 329 766 363 obsecra.
1001 331 1171 370 ignoscens
1195 335 1308 371 parcat
1334 329 1502 362 Dominus,

235 416 291 447 10.
320 415 455 455 Exaudi,
483 416 571 454 virgo
599 415 766 455 virginum,
923 416 976 448 12.
1005 415 1102 456 Virgo
1127 416 1368 456 gloriosissima,

320 463 378 493 Pro
404 463 495 495 nobis
521 473 576 494 ora
605 463 714 501 tilium,
1005 463 1086 494 Vota
1112 463 1236 504 comple
1260 463 1371 495 fidelia

316 510 435 542 Futura
464 512 545 542 nmlu
576 511 710 550 prohibe
1005 510 1131 550 Nosque
1156 514 1230 550 post
1256 511 1353 542 vitam
1383 509 1530 550 fragilem

316 558 506 598 Miserisque
532 564 725 597 compatere.
1004 557 1057 589 Ad
1083 567 1189 589 veram
1215 558 1337 597 perduc
1367 557 1519 597 requiem.

298 643 377 669 Orat.
398 652 447 669 nis.
465 645 592 670 incertae
608 645 678 678 orig.
696 652 770 669 saec.
788 641 830 669 12.
866 642 936 669 cod.
951 642 1094 669 Oxonien.
1110 642 1220 669 Canon.
1237 642 1350 669 Miscel.
1366 640 1431 670 266.
1452 642 1487 669 A.
1501 656 1539 660 -

222 681 341 707 Collect.
365 690 416 707 nis.
432 682 611 708 Rern-dimin.
636 691 709 708 saec.
736 679 777 707 12.
819 681 889 707 Cod.
905 681 1109 708 Vindobonen.
1131 678 1187 708 532
1219 680 1283 707 add.
1299 689 1376 708 saec.
1394 678 1438 707 12.
1454 681 1486 708 Β.
1502 694 1538 698 -

221 723 300 745 orat.
323 728 374 744 ms.
392 720 609 746 Lunaelacenm·
632 721 699 746 anni
721 719 800 746 1451.
831 719 900 746 Cod.
913 719 1108 746 Vindobonen
1133 717 1216 746 3835.
1233 720 1263 746 C.
1276 733 1309 737 —
1332 719 1354 750 1,
1371 717 1389 745 2
1405 720 1536 754 reginam

223 758 253 783 lt.
276 771 311 775 —
333 756 358 788 2⁷⁴²,
381 756 398 784 2
419 758 542 792 depost-s-
565 760 678 784 mim-ris
700 758 733 783 Β.
755 772 792 776 --
812 756 838 789 3,
859 756 878 784 3
899 757 938 783 Et
959 758 1137 792 paenitentis
1153 759 1190 791 A,
1213 758 1254 783 Ac
1269 758 1435 792 paenitenti
1451 757 1484 784 Β.
1500 771 1538 775 -

220 795 251 821 4.
280 793 297 821 2
318 795 414 822 Patris
435 797 533 822 confer
555 797 576 822 B
667 795 697 824 4.
726 794 744 822 3
766 796 806 823 Ut
831 805 882 831 per
902 800 1023 830 peccata
1045 797 1076 822 A.
1104 811 1134 814 -
1155 795 1188 827 4,
1215 795 1233 822 4
1262 804 1419 831 purgemur
1446 795 1479 822 A.
1502 809 1539 813 —

221 832 252 860 5,
281 834 298 857 3
321 836 428 867 petenti
451 836 487 866 C}
512 834 652 861 Dominus
674 835 745 861 fehlt
767 835 800 860 A.
826 849 859 853 —
882 832 913 865 5,
935 832 954 860 4
975 834 1140 869 Denegabit
1163 834 1217 861 tibi
1242 834 1386 860 Dominus
1409 834 1448 867 133
1470 833 1539 860 Tibi

221 872 343 906 deneget
364 871 440 899 filius
463 875 494 900 C.
517 887 552 890 —
575 873 599 899 6.
626 873 634 898 l
660 873 732 899 velit
755 874 786 898 A.
803 887 838 891 —
852 870 878 904 8,
902 871 920 898 4
935 872 1028 899 Nobis
1043 872 1249 898 reconcilietur
1266 873 1410 898 Dominus
1426 871 1486 899 BC.
1501 886 1539 890 —

224 910 279 935 Str.
307 908 324 935 9
368 908 402 936 12
431 911 526 937 felilen
557 912 585 937 B.
615 926 648 928 —
679 910 725 942 12.
753 911 771 937 4
799 911 910 938 Perduc
938 910 974 936 ad
1003 919 1110 936 veram.
1140 911 1171 938 C.
1205 925 1231 928 ss
1262 911 1296 936 In
1320 911 1342 937 Β
1365 910 1424 937 und
1451 909 1473 936 C
1495 910 1539 936 als

223 949 376 974 Lectiones
398 950 452 975 wie
471 950 554 975 Anal.
579 950 685 980 XXIV,
708 948 753 980 55,
776 958 828 975 aus
845 949 988 983 jiingeren
1011 949 1150 982 Quellen3
1173 950 1203 975 in
1225 949 1248 975 A
1270 948 1465 976 unmittelbar
1488 955 1539 975 an-

221 986 406 1021 geschlossen
429 996 464 1013 an
489 989 534 1013 ΝΥ,
554 986 615 1013 134.
658 988 752 1014 Πῖκον
766 987 891 1014 Gedieht
911 988 950 1013 ist
969 988 1016 1013 ein
1036 987 1250 1022 selbstiindiges
1265 987 1367 1018 Stiick,
1392 987 1463 1014 aber
1478 995 1538 1013 von

221 1024 385 1051 demselben
410 1026 559 1051 Vert'ass-:r
579 1027 633 1051 wie
655 1026 762 1055 dieses:
784 1026 836 1052 das
862 1026 982 1052 beweist
1002 1025 1066 1052 hier
1087 1027 1143 1052 Str.
1166 1024 1192 1057 7,
1213 1025 1279 1051 (lort
1299 1024 1356 1051 Str.
1380 1023 1425 1052 28.

669 1167 721 1196 1:51.
765 1167 806 1196 De
828 1165 923 1197 Beata
944 1165 1043 1196 Maria
1063 1165 1096 1196 V.

240 1246 270 1276 1.
300 1245 399 1277 Stella
427 1247 531 1284 maris.
560 1256 578 1277 o
605 1247 720 1281 Maria,
927 1247 958 1279 3.
984 1246 1033 1278 Tu
1057 1246 1181 1285 piscina
1206 1246 1384 1288 probatica,

297 1293 391 1324 Porta
420 1294 508 1335 caeli,
537 1294 620 1325 vitae
649 1294 708 1324 via.
744 1292 747 1295 '
984 1294 1174 1325 Miserorum
1201 1303 1275 1333 spes
1300 1294 1404 1330 unica.

299 1341 399 1372 Muris
426 1346 534 1380 portus
562 1341 815 1381 naut'ragantum,
984 1341 1089 1373 Ablue
1113 1351 1169 1373 nos
1196 1343 1336 1373 exterius

299 1387 532 1427 Naufragantes
558 1390 618 1420 duc
645 1390 684 1420 ad
712 1395 849 1428 portum.
983 1389 1025 1420 Et
1052 1390 1169 1421 munda
1195 1399 1252 1420 nos
1277 1389 1422 1421 interius.

239 1475 269 1505 2.
298 1473 362 1504 Nos
389 1476 570 1505 submersos
597 1475 626 1505 in
655 1476 794 1514 peccatis
923 1477 955 1508 4.
984 1476 1139 1506 Vitiorum
1167 1476 1206 1506 de
1232 1475 1358 1507 sentina

299 1521 403 1560 Salva,
432 1528 532 1552 muter
558 1523 696 1562 pietatis,
983 1523 1049 1554 Nos
1076 1532 1161 1561 erue,
1188 1524 1277 1563 virgo
1303 1523 1368 1565 pia,

298 1569 356 1606 Da,
383 1570 466 1609 quod
495 1579 551 1609 per
576 1571 803 1609 paenitentiam
982 1572 1089 1611 Ignem
1114 1572 1265 1611 extingue
1291 1571 1440 1610 Veneris,

300 1617 468 1648 Veniamus
494 1619 534 1648 ad
562 1620 696 1651 veniam.
987 1619 1035 1650 Ne
1062 1628 1238 1650 crememur
1264 1629 1333 1651 cum
1361 1619 1497 1652 miseris.

302 1700 462 1728 Collectan.
492 1711 543 1727 ηις.
573 1705 602 1729 S.
629 1703 754 1730 Orientii
778 1704 917 1731 Auxitani
939 1713 1015 1732 saec.
1041 1703 1083 1732 12.
1125 1705 1195 1731 Cod.
1218 1705 1346 1732 Parisin.
1363 1706 1459 1733 Nouv.
1480 1713 1542 1741 aeq.

225 1737 288 1765 4513.
311 1739 375 1765 add.
398 1749 472 1766 saec..
497 1740 539 1767 13.

659 1834 717 1863 ¹32.
758 1833 799 1864 De
821 1834 918 1865 Beata
938 1834 1038 1866 Maria
1060 1835 1094 1865 V.

241 1913 271 1944 1.
300 1912 407 1951 Virgo,
436 1919 535 1944 mater
558 1913 719 1955 melliflua,
926 1917 957 1948 3.
985 1915 1096 1954 Surge,
1123 1921 1269 1948 materna
1293 1917 1408 1956 pietas,

298 1959 342 1990 Te
369 1961 578 2000 deprecantes
605 1962 733 1999 adiuva,
985 1963 1053 1995 Tua
1078 1973 1136 1995 nos
1163 1965 1252 2004 reple
1277 1966 1390 2007 gratia,

298 2007 408 2046 Surge,
436 2010 525 2047 virgo
552 2018 721 2049 puerpera,
983 2012 1071 2050 Quae
1097 2011 1234 2044 hostium
1257 2013 1392 2045 insidias

298 2054 408 2086 Hostis
434 2057 555 2095 repelle
583 2058 756 2088 machinas.
983 2058 1109 2098 Effuget
1134 2064 1165 2090 et
1190 2070 1247 2092 nos
1273 2062 1395 2093 muniat

345 2103 424 2144 Ave,
452 2105 567 2137 Maria.
1032 2107 1094 2138 Per
1119 2111 1160 2148 te,
1188 2108 1303 2140 Maria.

241 2189 271 2221 2.
300 2186 412 2227 Gregis
442 2190 549 2220 caulas
575 2198 615 2220 ne
642 2190 782 2224 deseras,
928 2194 959 2224 4.
987 2193 1098 2232 Surge,
1126 2193 1215 2233 virgo
1242 2194 1423 2235 fructifera,

298 2235 424 2274 Lupum
452 2238 634 2268 mordacem
663 2242 808 2268 conteras
987 2239 1141 2272 Genetrix
1167 2241 1384 2285 integerrima,

298 2282 341 2314 Et
367 2282 500 2315 hostiles
527 2285 683 2316 versutias
987 2286 1106 2321 Confer
1130 2289 1221 2320 nobis
1248 2291 1410 2324 iuvamina

296 2331 415 2362 Procul
441 2342 458 2363 a
485 2332 575 2363 nobis
602 2331 713 2366 facias.
987 2334 1148 2367 Auferens
1173 2343 1288 2370 cuncta
1314 2341 1420 2383 noxia,

348 2379 417 2411 Ave
443 2379 558 2412 Maria.
1036 2383 1095 2416 Pia
1119 2383 1235 2419 Maria.

1609 0 1651 217 ἢ
