1651 2680
703 67 962 102 —358—

606 227 666 259 315.
707 227 750 258 De
770 226 922 258 Vanitate
942 227 1056 258 Mundi.

178 328 208 359 1.
236 327 262 358 Ο
287 327 447 365 mortales,
475 327 551 365 quid
577 326 671 366 agitis

237 373 351 405 Mundi
376 379 564 414 quaerentes
589 373 730 413 gaudia?

237 422 263 454 Ο
290 421 407 460 miseri,
434 422 509 462 quid
537 421 653 462 facitis,

235 470 295 509 Qui
322 475 429 501 vestra
456 470 616 501 desideria

237 517 279 548 Et
306 518 435 558 maligni
462 517 626 557 perficitis,

236 565 323 603 Quae
349 575 404 597 vos
431 565 615 597 ducunt-ad
642 564 745 597 vitia?

240 612 343 651 Certe,
371 613 431 645 nisi
455 613 612 650 videritis,

240 660 359 692 Trahet
385 670 440 692 vos
465 661 506 692 ad
533 660 701 701 supplicia.

176 748 207 780 2.
243 747 306 778 Cur
332 756 406 787 ergo
433 748 633 779 delectamini

236 795 272 826 In
300 796 407 826 mundi
435 795 653 827 vanitatibus?

238 842 398 882 Numquid
426 843 506 874 hunc
532 843 698 875 intuemini

239 889 370 922 Plenum
397 900 466 922 esse
493 891 680 922 doloribus?

239 938 303 969 Vos
329 943 414 969 certe
441 939 615 969 moriemini

237 985 314 1017 Cum
340 986 454 1017 vestris
481 986 703 1026 pravitatibuS,

232 1033 285 1065 Ad
312 1032 437 1064 inferna
464 1034 631 1066 trahemini

233 1081 311 1112 Cum
336 1081 443 1112 multis
469 1082 701 1121 peccatoribus.

176 1167 207 1200 3.
235 1166 304 1209 Dic,
333 1167 434 1205 homo,
463 1167 539 1198 mihi
566 1168 734 1208 responde,

236 1214 299 1246 ‘Cur
324 1218 413 1246 tanta
439 1216 521 1246 mala
546 1216 691 1255 pateris?

235 1262 316 1300 Quid
343 1262 564 1297 thesaurizas?
590 1263 720 1294 attende

234 1309 290 1341 Cui
317 1319 353 1341 ea
381 1311 558 1349 dimiseris;

236 1358 317 1394 Quid
345 1358 384 1388 de
407 1362 438 1388 te
464 1357 527 1398 fiet,
556 1359 728 1399 perpende,

235 1407 313 1436 Cum
340 1405 437 1436 vitam
462 1404 594 1445 finieris,

234 1454 270 1484 In
297 1452 378 1484 bono
404 1461 530 1492 semper
554 1453 694 1488 intende,

234 1501 269 1531 In
296 1500 356 1532 hac
381 1501 446 1531 vita
474 1501 547 1532 dum
575 1500 702 1533 vixeris

723 1290 729 1304 5

178 1588 210 1618 4.
238 1585 301 1617 Ubi
328 1590 400 1616 sunt
426 1585 534 1617 mundi
562 1586 687 1623 divites,

234 1634 293 1672 Qui
319 1636 444 1664 terrena
472 1633 689 1673 possidebant,

235 1681 298 1715 Ubi
325 1686 399 1712 sunt
424 1685 455 1712 et
480 1682 650 1721 sapientes,

232 1729 291 1768 Qui
317 1728 450 1760 scientia
476 1729 650 1769 pollebant.

234 1776 296 1809 Ubi
326 1775 423 1808 fortes
450 1781 481 1807 et
506 1782 662 1817 potentes,

234 1825 295 1865 Qui
321 1824 352 1855 vi
377 1833 475 1865 regna
500 1825 738 1864 subiugabant‘?

235 1874 329 1905 Certe
354 1873 395 1903 ad
422 1872 514 1904 finem
542 1873 709 1904 tendentes

234 1920 401 1960 Nunquam
428 1922 508 1952 mori
535 1930 569 1951 se
593 1921 757 1959 putabant.

861 329 890 359 5.
920 325 1012 358 Felix
1038 327 1140 365 horno,
1167 326 1220 365 qui
1248 323 1367 365 fugerit

921 374 1036 406 Mundi
1063 374 1154 406 liuius
1181 374 1342 405 miseriam

922 421 961 452 Et
989 422 1042 461 qui
1068 421 1211 462 perfecte
1238 421 1352 454 vicerit

924 469 1052 501 Diaboli
1077 470 1250 511 malitiam3

922 517 1024 556 Certe,
1053 517 1106 557 qui
1131 519 1175 549 ita
1202 518 1329 556 vixerit,

922 565 965 596 Ut
993 564 1093 605 fugiat
1119 565 1313 605 superbiam,

924 613 958 643 ln
986 613 1047 644 fine
1074 613 1153 644 bene
1180 613 1298 651 poterit

923 659 1010 692 Caeli
1037 661 1147 692 videre
1171 661 1314 699 gloriam.

888 774 893 779 .
920 747 1046 778 Idcirco
1072 748 1139 778 veri
1165 747 1312 779 monachi

922 794 1036 826 Mundi
1063 794 1186 834 fugiunt
1213 803 1378 835 prospera,

921 842 956 873 In
985 843 1074 873 bonis
1100 843 1182 873 enim
1208 843 1323 874 intenti

920 889 1053 930 Semper
1079 890 1214 921 tendunt
1239 889 1281 922 ad
1306 898 1435 929 supera,

920 938 1071 976 Quamvis
1097 937 1204 969 dicant
1229 938 1409 970 maledicti:

919 985 1042 1017 Horum
1069 985 1135 1017 vita
1161 989 1210 1017 est
1235 994 1360 1024 aspera⁷

919 1033 1035 1065 Omnes
1060 1037 1166 1065 autem
1194 1032 1355 1064 benedicti

919 1082 1051 1113 Illorum
1077 1084 1183 1113 amant
1210 1089 1317 1120 opera.

883 1194 888 1199 .
917 1167 980 1199 Sed
1007 1166 1068 1198 sibi
1095 1166 1175 1198 bene
1199 1171 1342 1209 caveant,

917 1215 966 1247 Ne
992 1215 1070 1246 talia
1095 1215 1280 1246 sustinendo

919 1263 1037 1294 Eorum
1065 1261 1150 1294 facta
1176 1266 1310 1302 pereant

919 1310 1062 1349 Superbe
1088 1319 1122 1341 se
1149 1310 1343 1348 extollendo.

921 1359 1039 1389 Vanam
1067 1358 1199 1397 gloriam
1227 1357 1350 1397 fugiant

919 1406 1054 1436 Carnem
1078 1415 1168 1436 suam
1193 1406 1386 1437 macerando

916 1453 1150 1492 Humiliterque
1175 1454 1340 1492 impleant,

914 1501 1005 1539 Quod
1032 1505 1196 1539 voverunt,
1223 1500 1384 1533 faciendo.

860 1605 889 1617 μ.
917 1586 1014 1626 Ergo,
1043 1590 1169 1618 creator
1194 1587 1345 1628 omnium,

919 1633 1055 1675 Christe,
1083 1634 1136 1674 qui
1163 1636 1246 1674 regis
1273 1635 1389 1673 omnia,

918 1682 1010 1713 Finis
1036 1687 1130 1722 atque
1157 1683 1362 1723 principium,

917 1730 976 1767 Qui
1004 1729 1082 1761 sacis
1109 1730 1281 1770 mirabilia,

919 1777 968 1809 Da
994 1777 1100 1819 robur,
1129 1776 1179 1809 fer
1206 1779 1371 1819 auxilium,

918 1825 960 1857 Ut
990 1824 1148 1865 fugiamus
1176 1826 1265 1865 vitia,

917 1873 958 1906 Ut
986 1874 1017 1904 in
1043 1877 1131 1905 terra
1159 1875 1333 1906 viventium

918 1920 1068 1952 Vivamus
1095 1930 1164 1952 cum
1192 1922 1324 1954 laetitia.

249 2003 369 2032 collect.
397 2014 450 2032 ms.
477 2007 628 2033 Seitzense
655 2014 730 2033 saec.
761 2003 803 2032 15.
844 2005 914 2032 Cod.
936 2006 1059 2032 Roman.
1087 2003 1144 2032 602
1163 2006 1266 2038 (Varia
1291 2006 1328 2041 4).
1350 2022 1387 2027 -
1406 2007 1491 2036 Nach

173 2044 231 2071 Str.
251 2041 269 2070 8
291 2044 363 2080 folgt
384 2046 448 2071 eine
472 2045 645 2081 Doxologie,
666 2045 713 2071 die
734 2043 826 2076 indes,
847 2044 902 2070 wie
924 2044 975 2070 der
994 2045 1076 2071 Reim
1098 2046 1183 2080 zeigt,
1206 2045 1313 2073 fremde
1329 2047 1417 2074 Zutat
1437 2048 1490 2074 ist:

598 2101 696 2128 Donet
717 2104 799 2136 pater
819 2109 884 2127 cum
906 2101 977 2133 filio,

598 2139 672 2166 Cum
696 2141 801 2174 spiritu
822 2140 975 2175 paraclito,

599 2178 655 2205 Cui
676 2178 714 2205 sit
735 2185 848 2205 summa
867 2177 964 2212 gloria

599 2216 654 2243 Per
674 2215 789 2243 infinita
810 2216 937 2243 saecula.

598 2255 707 2282 Christi
727 2255 814 2282 matri
834 2257 865 2281 et
887 2254 1001 2291 augelis

599 2293 645 2320 Sit
665 2293 729 2321 laus
751 2295 838 2328 atque
859 2293 1053 2328 archangelis,

601 2331 713 2359 Electis
733 2340 849 2367 quoque
870 2330 1015 2364 omnibus,

600 2371 635 2397 In
655 2370 762 2406 quibus
782 2373 886 2406 regnat
906 2370 1059 2397 Dominus.
