1651 2680
648 712 691 742 73.
734 712 775 743 De
798 712 922 743 Nomine
946 713 1032 743 BMV.

513 812 543 843 1.
571 813 652 849 Ave,
679 820 803 851 gemma
828 813 1015 852 pudicitiae,

575 859 681 890 Maria
707 860 931 900 conregnatrix
955 861 1086 900 gloriae,

575 907 645 938 Hoc
670 916 784 939 nomen
811 912 954 947 praestat
981 909 1096 940 ceteris

574 956 718 995 Quinque
746 954 915 988 formatum
942 957 1056 990 literis,

516 1053 534 1083 [Ο

541 1077 548 1083 .
576 1052 621 1082 Te
646 1061 792 1091 magnam
818 1052 922 1092 prima
949 1052 1056 1091 litera,

574 1100 701 1131 Almam
729 1100 913 1140 praesignat
937 1100 1054 1141 altera,

574 1148 746 1187 Tertiaque
773 1151 804 1179 te
830 1152 1028 1188 regnantem,

573 1196 693 1234 Quarta
719 1205 795 1227 vero
820 1197 1042 1237 imperantem,

572 1244 690 1283 Quinta
715 1247 746 1275 te
772 1254 886 1284 agnam
913 1245 1048 1285 nuntiat,

572 1294 707 1332 Agnam,
734 1301 815 1332 quae
841 1293 945 1324 labem
972 1293 1103 1324 nesciat.

511 1389 542 1421 3.
571 1389 596 1420 O
623 1388 722 1429 virgo,
751 1392 853 1420 mater
880 1388 1020 1425 Domini,

570 1437 639 1468 Tuo
665 1436 759 1468 beato
784 1436 905 1468 nomini

571 1484 690 1516 Nostra
718 1484 884 1516 subscribe
910 1485 1037 1516 nomina

571 1533 608 1564 In
635 1532 710 1563 libri
736 1533 822 1565 vitae
847 1533 973 1573 pagina.

251 1616 330 1643 Orat.
352 1626 404 1643 ms.
421 1617 583 1654 Campense
605 1619 674 1645 anni
691 1616 773 1645 1462.
809 1618 879 1645 cod.
895 1619 1112 1645 Darmstadien.
1128 1616 1193 1644 521.
1212 1632 1243 1635 —
1261 1616 1287 1646 2,
1310 1618 1326 1643 t),
1342 1627 1398 1653 que
1416 1618 1496 1644 fehlt,

484 1750 529 1780 74.
571 1751 615 1781 Atl
637 1751 766 1791 singula
787 1750 927 1781 membra
948 1750 979 1780 B.
1002 1751 1120 1782 Mariae
1143 1750 1175 1779 V.

184 1839 216 1872 1.
242 1839 428 1880 Benedicta,
456 1841 603 1873 omnibus
877 1844 907 1874 23.
936 1841 1112 1873 Benedicta
1139 1841 1270 1872 castitas

242 1889 304 1921 Per
329 1898 423 1929 quam
449 1890 638 1922 mulieribus
937 1890 1062 1927 Carnis,
1091 1898 1128 1921 ex
1155 1898 1217 1928 qua
1245 1889 1346 1921 deitas

288 1936 391 1969 Datur
416 1937 610 1977 benedictio,
985 1938 1136 1969 Nascitur
1158 1937 1191 1968 in
1217 1937 1353 1980 homine,

240 1985 388 2017 Laudent
415 1989 446 2017 te
471 1995 530 2026 per
555 1987 662 2018 omnia
935 1987 1033 2025 Quem
1060 1990 1103 2027 tu,
1131 1986 1230 2026 virgo,
1258 1995 1391 2026 generas

239 2033 389 2066 Omnium
416 2035 590 2074 praeconia
935 2034 986 2071 Et,
1013 2035 1097 2074 quod
1125 2033 1228 2073 primo
1254 2043 1400 2071 noveras,

288 2082 434 2115 Laudum
461 2083 640 2124 privilegio.
983 2082 1055 2114 Non
1081 2082 1166 2123 perit
1192 2083 1223 2113 in
1251 2083 1384 2123 virgine.

179 2179 212 2211 2.
238 2178 416 2211 Benedicta
440 2180 578 2211 maxime
872 2180 903 2212 4.
932 2179 1118 2221 Benedicta,
1146 2178 1295 2217 gaudium

237 2227 411 2267 virginalis
437 2227 562 2260 animae
931 2226 1211 2266 Comprehendens
1235 2228 1385 2269 omnium,

285 2275 464 2316 Singularis
490 2276 626 2318 puritas,
980 2275 1104 2307 Fidelis
1130 2275 1286 2316 auricula,

236 2323 334 2356 Cuius
359 2325 392 2356 in
417 2324 540 2364 palatio
933 2324 1024 2362 Quod
1051 2324 1212 2355 credendo
1240 2325 1394 2367 concipis,

235 2372 333 2404 Parat
358 2372 420 2405 Dei
446 2371 514 2405 filio
933 2371 1017 2403 Dum
1044 2372 1190 2404 caelestis
1217 2374 1353 2413 suscipis

283 2421 484 2453 Mansiouem
512 2421 651 2453 trinitas.
982 2420 1095 2452 Nuntii
1121 2421 1296 2454 oraculum.
