1651 2680
696 107 959 142 —359—

512 217 572 249 316.
615 219 657 250 De
678 219 894 260 Vilipensione
915 221 1148 253 Munssanorum.

181 299 212 332 1.
238 300 354 332 Mundi
379 299 579 340 prosperitas

239 347 282 379 Et
309 348 393 380 vitae
418 347 561 378 brevitas

284 395 406 428 Multos
433 394 608 438 decipiunt,

238 443 321 474 Dum
348 443 459 475 volunt
484 443 603 479 vivere.

240 491 410 523 Praeventi
436 489 548 522 funere

285 538 356 571 Cito
383 537 546 571 deficiunt.

205 637 210 642 .
238 610 337 643 Nulla
363 611 517 651 potentia⁷

236 658 334 691 Nulla
359 658 532 699 prudentia

286 707 444 739 Prodesse
470 707 600 749 poterit,

237 754 314 786 Cum
341 763 448 786 rerum
474 755 613 787 omnium

235 803 511 835 Praetereuntium

287 851 379 882 Finis
405 851 582 884 advenerit.

200 950 206 955 .
232 924 396 963 Quidquid
423 926 472 954 est
497 924 593 955 hodie

236 971 358 1003 Laudis
384 976 414 1003 et
442 972 571 1011 gloriae,

283 1020 414 1051 Transit
439 1024 474 1050 ut
501 1020 628 1059 nebula,

232 1067 304 1099 Non
332 1072 381 1099 est
407 1067 553 1099 durabile

233 1116 396 1155 Quidquid
422 1115 570 1147 mirabile

281 1165 403 1196 Ferunt
432 1164 510 1194 haec
536 1164 672 1195 saecula¹

196 1262 202 1267 .
230 1236 346 1267 Mundi
374 1236 504 1267 divitias

231 1284 339 1323 Atque
366 1283 498 1315 delicias

283 1333 433 1372 Quisquis
459 1332 677 1372 amplectitur,

235 1380 290 1411 Vel
318 1382 429 1412 mortis
455 1380 563 1418 gladio

234 1428 291 1459 Vel
317 1427 495 1460 infortunio

280 1477 409 1516 Pauper
435 1475 583 1508 efficitur.

197 1575 203 1580 .
231 1549 297 1582 Cur
323 1558 398 1589 ergo
425 1549 601 1588 quaeritur,

232 1597 325 1636 Quod
352 1598 415 1629 cito
441 1596 613 1636 pei-ditur?

280 1645 351 1677 Non
378 1645 511 1686 prodest
537 1654 702 1685 quaerere,

233 1694 395 1734 Quidquid
424 1694 555 1725 interitu

235 1742 293 1774 Vel
320 1743 432 1782 quovis
459 1742 548 1772 exitu

282 1791 391 1823 Potest
418 1789 567 1824 deficere.

201 1886 207 1892 .
235 1863 326 1902 Quod
354 1863 550 1901 transitoria,

233 1912 320 1944 Nihil
347 1912 412 1943 sint
437 1911 554 1951 omnia,

279 1960 433 1993 Defectus
457 1960 591 1999 indicat,

231 2010 319 2042 Iacet
345 2009 379 2041 in
405 2008 502 2051 vitiis,

229 2058 291 2098 Qui
316 2057 512 2090 transitoriis

277 2107 319 2139 Se
344 2106 439 2137 nimis
465 2105 621 2145 implicat.

193 2206 199 2211 .
227 2179 410 2211 Transeunt
434 2178 541 2210 omnia

228 2227 355 2260 Saeculi
381 2226 499 2267 gaudia

275 2274 521 2314 Miserabiliter,

228 2324 283 2365 Et,
313 2323 470 2364 quidquid
497 2321 664 2363 praeterit,

228 2372 295 2404 Diu
321 2379 384 2404 non
410 2371 530 2412 poterit

279 2419 361 2452 Esse
387 2419 535 2452 feliciter.

897 303 926 334 8.

868 925 920 956 10.

868 1236 921 1267 11.

869 1862 920 1894 13.

864 2179 918 2210 14.

955 303 1038 342 Quid
1064 303 1196 343 prodest
1221 304 1355 343 species,

953 351 1035 390 Quid
1063 351 1197 390 pulchra
1225 350 1334 392 facies,

1002 400 1085 438 Quid
1108 399 1196 430 color
1221 408 1342 440 roseus,

953 447 996 478 Et
1022 447 1243 486 multiplicium

953 495 1035 533 Quid
1063 496 1196 534 prodest
1223 495 1357 526 vestium

1001 543 1139 574 Ornatus
1162 540 1302 575 aureus?

918 640 923 645 .
952 614 1104 646 Invidens
1130 613 1247 644 homini

953 662 1042 692 Mors
1068 661 1299 701 pulchritudini

1002 709 1072 740 Non
1100 710 1186 740 novit
1212 717 1356 748 parcere,

953 757 1042 788 Mors
1069 758 1168 788 nescit
1195 757 1338 788 ordinem

954 805 1013 836 Vel
1042 805 1261 836 celsitudinem

1002 853 1119 884 Rerum
1146 862 1326 892 agnoscere.

949 925 1000 955 Ad
1028 924 1120 955 finem
1147 925 1253 955 omnia

950 973 1039 1003 Mors
1066 973 1163 1004 trahit
1191 972 1298 1011 impia,

999 1023 1086 1058 Quae
1112 1024 1183 1050 sunt
1210 1020 1242 1050 in
1269 1020 1406 1059 saeculo,

951 1067 1044 1099 Facit
1071 1066 1227 1099 deformia

952 1116 1074 1147 Cuncta
1102 1116 1257 1153 decentia⁷

998 1164 1102 1203 Digna
1128 1163 1322 1202 spectaculo.

950 1236 1065 1267 Mortis
1091 1235 1225 1267 saevitia

951 1284 1067 1315 Plenos
1094 1284 1225 1314 lascivia

1000 1332 1116 1364 Oculos
1141 1331 1255 1369 operit.

950 1380 1005 1411 Fit
1033 1388 1107 1410 caro
1134 1378 1271 1409 candida

950 1427 1077 1458 Pallens
1101 1429 1132 1458 et
1157 1426 1267 1460 livida,

997 1476 1097 1515 Quam
1125 1475 1189 1505 vita
1217 1475 1344 1506 deserit.

889 1557 918 1579 ·.
949 1547 1089 1579 Venusta
1116 1546 1224 1587 facies,

948 1596 1075 1627 Blanda
1100 1596 1263 1636 mollities,

995 1645 1083 1684 Quae
1109 1644 1235 1684 placent
1263 1644 1403 1675 nimium.

951 1692 1120 1732 Postquam
1147 1692 1347 1723 subtrahitur

952 1741 1036 1782 Vita,
1065 1751 1127 1780 qua
1154 1740 1306 1781 fungitur,

999 1789 1051 1820 Fit
1079 1790 1168 1820 cibus
1195 1790 1357 1821 vermium.

949 1862 991 1893 Et
1017 1862 1092 1901 quid
1121 1861 1301 1892 amantibus

948 1911 1070 1942 Fuerat
1096 1909 1242 1941 omnibus

999 1959 1087 1990 Vana
1113 1957 1261 1989 laetitia?

948 2007 1135 2039 Abhorrent
1161 2006 1244 2037 oculi

950 2056 1098 2088 Clausum
1126 2054 1184 2085 sub
1210 2055 1322 2086 tumuli

998 2104 1111 2135 Brevis
1137 2104 1293 2143 angustia.

946 2177 1064 2209 Forma
1091 2176 1263 2209 laudabilis

947 2226 1014 2257 Iam
1042 2225 1269 2257 marcessibilis

995 2274 1150 2314 Sepulcro
1176 2274 1305 2313 tegitur,

947 2322 1056 2354 Pulvis
1082 2323 1115 2353 in
1142 2321 1316 2364 pulverem,

949 2370 1036 2402 Cinis
1062 2370 1094 2402 in
1121 2370 1259 2401 cinerem

998 2418 1070 2451 Cito
1096 2418 1280 2451 revertitur.
