1651 2680
757 131 1012 167 —134—

246 232 277 261 5.
306 227 428 266 Gaude,
455 227 542 258 cuius
567 227 708 260 brachiis
954 229 986 261 8.
1013 228 1127 260 Partus
1153 229 1199 260 tui
1223 237 1352 260 munere

354 283 432 315 puer
459 275 646 315 deportatur
1060 276 1145 316 perit
1169 285 1254 308 mors
1280 278 1481 316 consumpta,

308 324 359 356 Ad
386 323 548 364 templum,
577 332 645 354 cum
674 324 785 355 hostiis
1013 325 1110 357 Porta
1135 328 1224 364 patet
1247 324 1369 364 gloriae

351 371 435 411 patri
461 375 694 410 praesentatur.
1060 380 1117 412 spe
1143 372 1226 403 vitae
1252 375 1424 411 resumpta.

305 419 443 452 Offemur
468 428 526 458 pro
553 419 698 457 perditis,
1013 420 1091 452 Cum
1118 419 1158 450 de
1183 422 1285 450 morte
1310 419 1438 450 rediens

351 468 396 498 sic
423 471 514 505 pater
541 467 695 507 placatur,
1060 477 1098 498 ex
1125 471 1226 498 morte
1252 475 1325 498 caro
1351 470 1478 506 sumpta

303 515 343 546 Et
374 523 435 554 pax
462 515 523 545 tuis
550 514 670 545 meritis
1011 516 1063 546 Ad
1089 518 1242 554 paternae
1269 515 1420 545 dexterae

350 562 413 594 reis
440 562 621 593 redonatur.
1058 563 1166 594 sedem
1191 567 1240 593 est
1265 566 1440 601 assumpta.

245 631 279 662 6.
307 632 383 661 Cum
410 629 555 660 Christus
581 628 621 659 ad
649 629 776 668 nuptias
956 631 986 662 9.
1015 629 1148 668 Quando
1174 629 1254 659 caeli
1282 629 1394 659 solium

354 679 385 708 in
413 677 516 707 vinum
545 677 678 707 mutavit
1061 677 1145 708 laeta
1171 676 1355 715 ascendisti,

306 726 442 764 Aquam.
469 723 582 763 quibus
609 724 741 764 hydrias
1016 725 1114 755 Laeta
1140 724 1218 755 caeli
1247 725 1361 754 civium

354 772 478 810 impleri
505 771 678 809 mandavit,
1061 772 1163 803 turbis
1189 772 1367 810 occurristi,

307 820 473 859 Signorum
500 819 657 858 primitias
1013 819 1238 851 occurrentem
1265 818 1363 850 filium

354 868 411 898 hoc
437 867 526 906 signo
552 867 750 900 monstravit.
1062 867 1132 906 plus
1159 867 1243 898 laeta
1267 867 1388 901 vidisti.

305 920 371 954 Quo
397 916 515 953 primas
544 915 674 945 delicias
1013 916 1064 946 Ad
1093 915 1182 945 cuius
1209 915 1401 945 consortium

351 962 467 994 mundo
493 963 684 1001 propinavit.
1061 963 1144 993 laeta
1170 966 1245 993 tunc
1272 962 1396 994 venisti.

248 1031 276 1061 7.
305 1030 352 1061 Ex
380 1033 421 1066 te,
448 1029 531 1059 vitae
559 1029 659 1069 vinea,
930 1031 983 1062 10.
1012 1029 1077 1061 lam
1105 1029 1214 1069 regina
1240 1029 1361 1060 resides

352 1078 460 1107 botrus
487 1077 570 1107 w‘tae
596 1082 688 1108 natus
1059 1077 1089 1107 in
1117 1085 1214 1116 regno
1237 1077 1406 1117 caelorum,

305 1124 414 1156 t‘rucis
441 1124 526 1163 ligno
552 1124 668 1163 figitur,
1015 1125 1076 1157 Ubi
1104 1124 1225 1155 cunctis
1251 1125 1417 1164 praesides

354 1172 440 1203 dirae
465 1172 559 1202 morti
587 1172 689 1207 datus,
1061 1172 1165 1203 choris
1191 1172 1385 1211 angelorum,

306 1220 401 1251 Cuius
427 1219 471 1249 sic
499 1224 529 1250 te
556 1220 675 1251 cruciat
1012 1220 1037 1252 Ο
1064 1221 1118 1259 pia
1145 1229 1205 1259 pax
1231 1220 1380 1259 pectoris,

352 1276 427 1298 crux
455 1273 482 1297 et
512 1268 680 1308 cruciatus,
1060 1268 1145 1299 salus
1172 1271 1385 1306 peccatorum,

307 1316 391 1347 Mire
419 1319 448 1344 te
472 1314 621 1345 laetificat
1013 1315 1092 1346 Esto
1119 1315 1163 1345 tui
1190 1324 1361 1346 memorum

351 1362 429 1393 mire
455 1362 635 1395 suscitatus,
1062 1371 1181 1393 memor
1207 1363 1404 1394 miserorum.

613 1429 664 1459 R⁰
694 1429 755 1459 Per
782 1429 841 1459 hoc
867 1429 958 1460 dulce
983 1429 1143 1468 gaudium,

745 1477 843 1516 virgo,
870 1481 971 1507 mater
997 1476 1066 1512 Dei,

697 1524 792 1563 Apud
819 1528 904 1555 tuum
932 1523 1028 1555 filium

744 1577 811 1602 esto
838 1580 957 1602 memor
982 1573 1051 1602 mei.

306 1641 383 1665 (Virat.
414 1646 464 1663 nis.
495 1637 655 1672 Canipense
684 1639 753 1663 anni
783 1635 865 1663 1462.
910 1637 978 1664 Cod.
1007 1637 1222 1663 Darnistadien.
1252 1636 1314 1664 5¹21.
1342 1653 1378 1656 —
1404 1636 1435 1668 3,
1464 1636 1481 1664 2
1509 1638 1546 1664 ad

233 1676 414 1703 Bethlehem.
441 1690 477 1693 —
504 1673 535 1702 7.
561 1674 578 1701 4
600 1677 710 1701 mortis.
742 1690 775 1693 —
803 1674 834 1706 9,
862 1674 879 1701 3
901 1675 1033 1702 Laetata,
1055 1690 1090 1692 —
1113 1676 1172 1701 Dei·
1193 1676 1350 1702 Rundreim
1374 1676 1547 1703 wiederlwlt

233 1715 295 1741 sich
326 1714 398 1741 nach
426 1713 508 1747 jeder
540 1713 664 1748 §trophe
696 1713 754 1740 und
786 1715 824 1739 ist
852 1722 907 1739 nur
937 1714 1033 1740 Kfirze
1065 1714 1166 1740 lialber
1197 1723 1234 1740 an
1265 1714 1320 1741 den
1350 1714 1466 1741 Schluss
1497 1715 1547 1742 des

231 1753 350 1780 Ganzen
372 1752 494 1787 gestellt.

647 1806 694 1836 90.
736 1806 777 1836 De
799 1806 853 1836 xil
877 1805 1004 1836 Gaiuliis
1027 1806 1115 1837 Bilv.

246 1880 278 1912 1.
308 1877 430 1913 Gaude,
458 1877 546 1917 virgo
572 1882 673 1908 mater
697 1877 824 1911 Christi,
956 1878 988 1909 3.
1017 1877 1140 1914 Gaude,
1167 1879 1241 1917 quia
1266 1879 1349 1919 magi
1377 1879 1460 1910 dona

304 1928 390 1965 Quae
419 1934 476 1965 per
501 1934 607 1956 aurem
635 1925 807 1964 concepisti
1014 1925 1082 1956 Tuo
1108 1930 1183 1957 nato
1209 1925 1315 1957 ferunt
1342 1927 1422 1958 bona

353 1973 504 2005 Gabriele
528 1973 657 2013 nunti03
1061 1975 1136 2004 t'um
1164 1983 1278 2013 magno
1303 1976 1473 2014 mysterio,

304 2022 426 2055 Gaude,
453 2021 536 2060 quia,
564 2021 636 2052 dum
664 2020 799 2050 cantasti
1016 2020 1138 2063 Gaude,
1164 2022 1237 2061 quia
1263 2022 1351 2054 iuxta
1378 2023 1478 2063 legem

304 2068 512 2110 Maynificat,
540 2068 706 2100 exsultasti
1015 2068 1165 2100 Obtulisti
1189 2070 1299 2101 mundi
1326 2080 1431 2110 regem

354 2116 438 2148 Miro
464 2116 570 2147 cordis
596 2117 720 2155 gaudio.
1062 2117 1096 2147 ln
1124 2118 1235 2156 templi
1261 2120 1412 2150 sacrario.

246 2185 278 2217 2.
306 2183 428 2223 Gaude,
456 2183 529 2222 quia
555 2183 623 2214 Deo
650 2183 743 2222 plena
955 2186 986 2217 4.
1014 2183 1135 2223 Gaude,
1163 2185 1247 2223 quia,
1271 2195 1361 2225 quem
1382 2187 1546 2226 quaesisti,

306 2231 461 2272 Peperisti
487 2231 555 2262 sine
580 2239 682 2271 poena
1016 2231 1114 2263 Laeta
1140 2232 1232 2263 nimis
1259 2233 1410 2265 invenisti

354 2280 432 2311 Cum
459 2279 590 2318 pudoris
616 2278 703 2318 lili03
1061 2280 1098 2311 In
1126 2280 1289 2312 doctorum
1318 2281 1443 2323 medi03

309 2327 430 2366 Gaude,
463 2327 590 2366 plaude,
617 2335 688 2358 nam
715 2328 858 2365 pastores
1015 2326 1138 2367 Gaude,
1171 2337 1241 2359 nam
1269 2338 1307 2361 cx
1333 2339 1416 2370 aqua
1441 2330 1549 2362 vinum

306 2375 398 2407 Genu
422 2374 552 2405 flectunt
578 2375 759 2411 adoranteS‚
1013 2374 1060 2406 Te
1085 2379 1216 2415 optante
1242 2375 1319 2408 fecit
1342 2377 1459 2409 bonum

354 2424 450 2463 Quem
477 2427 566 2453 tenes
592 2423 623 2454 in
649 2422 778 2462 gremio.
1065 2423 1128 2455 Pro
1154 2425 1256 2464 primo
1282 2425 1438 2466 prodigio.
