1651 2680
715 89 881 124 —320
933 108 975 114 —-

204 190 258 222 13.
285 189 345 220 His
371 186 554 218 carminulis

286 237 388 268 Laeta
414 238 536 274 caneto,

287 284 420 317 Cantica
442 282 549 314 David

288 331 420 370 Semper
445 334 549 360 amato

337 377 402 412 Sub
427 377 494 409 illo.

892 187 946 219 14.
973 186 1020 217 Te
1043 185 1214 217 benedicat

974 234 1120 266 Christus
1146 233 1178 265 in
1203 241 1293 274 aevo,

974 282 1000 314 O
1027 291 1104 313 cara
1128 281 1243 319 anima,

974 330 1064 371 Vale,
1090 329 1229 361 iucunda

1022 377 1087 409 Sub
1112 377 1180 409 illo.

268 473 388 501 collect,
416 481 467 498 ms.
489 472 676 507 Frisingense
704 479 779 498 saec.
807 469 867 498 ⁹l10.
889 471 962 498 Clm.
983 471 1137 508 Monacen.
1165 469 1248 497 6411.
1270 485 1307 488 —
1328 467 1361 502 4,
1389 467 1407 495 2
1427 471 1511 495 casta

191 511 271 538 fehlt.
299 526 337 529 —
360 510 392 543 8,
421 509 438 536 2
465 510 600 545 placaris.
622 526 657 529 —
679 507 709 542 8,
737 508 755 536 4
777 510 809 536 si
832 510 867 536 be
888 510 1014 544 plangis.
1034 525 1073 529 —
1093 509 1292 536 Uberschrift:
1317 506 1509 543 „Rhythmus,

193 548 336 577 carmen“.

638 659 705 689 294.
746 659 896 689 Hortulus
917 659 1056 690 Animae.

233 760 262 792 1.
291 760 316 792 O
343 758 459 790 fratres
487 758 694 798 devotissimi,

338 806 505 838 Attendite
531 806 708 845 prudenter

290 854 459 886 Hortulum
487 853 662 885 dulcissimi

338 903 409 933 Iesu
437 905 468 931 et
494 902 645 932 decenter

291 950 417 981 Herbas
443 952 537 988 atque
563 949 724 988 plantulas

339 997 450 1029 Colere
475 997 611 1035 studete,

293 1044 342 1075 Ne
369 1044 468 1075 hostis
495 1053 552 1083 per
578 1044 704 1083 regulas

338 1092 531 1131 Descendat,
558 1095 758 1130 praecavete.

232 1188 264 1219 2.
291 1188 316 1219 O
344 1188 369 1218 si
395 1186 475 1217 bene
501 1187 617 1227 colitis,

339 1235 483 1266 Nitorem
510 1239 541 1264 et
565 1236 694 1266 odorem

291 1282 431 1318 Dabunt,
458 1282 532 1313 inde
558 1282 670 1313 tollitis

339 1331 502 1370 Fructum,
529 1339 592 1360 non
620 1330 761 1360 dolorem

293 1378 336 1409 Et
360 1377 439 1408 alios
465 1377 594 1407 allicitis

339 1424 391 1456 Ad
418 1424 479 1454 Dei
504 1433 654 1463 amorem,

295 1472 445 1503 Fructum
472 1472 556 1503 vitae
583 1471 687 1502 facitis

343 1519 431 1551 Nulli
458 1519 499 1550 ad
524 1519 690 1559 pudorem.

236 1615 267 1646 3.
294 1614 389 1646 Horti
414 1614 506 1645 huius
532 1614 644 1645 ostium

341 1663 450 1694 Timor
476 1663 516 1693 sit
541 1662 677 1703 divinus,

296 1711 348 1741 Ad
376 1710 460 1748 quod
487 1710 592 1740 nullus
617 1710 754 1741 hostium

344 1758 448 1798 Venit,
476 1762 568 1789 nocet
594 1758 707 1797 minus,

295 1805 404 1837 Omnis
430 1805 480 1836 vel
508 1805 686 1836 adversitas

344 1853 406 1885 Sed
432 1861 533 1892 neque
558 1853 692 1884 intrabit

296 1901 349 1933 Ad
374 1899 527 1932 furandas
553 1900 714 1939 herbulas,

345 1949 408 1980 Sed
434 1947 512 1980 foris
538 1957 664 1988 semper
689 1948 797 1980 stabit.

237 2046 268 2076 4.
297 2043 478 2075 Delectabit
501 2044 671 2083 plurimum

346 2092 425 2124 Inde
451 2096 652 2123 transeuntes

298 2139 535 2178 Dulcedineque
561 2140 700 2171 animum

344 2187 447 2219 Erunt
474 2186 704 2226 perfundentes

298 2235 426 2266 Herbae
452 2235 516 2266 late
542 2236 679 2267 maxime

346 2282 473 2323 Optime
498 2283 630 2324 olentes,

296 2331 358 2363 Pro
385 2333 519 2370 utroque
546 2331 672 2362 homine

343 2379 448 2411 Erunt
473 2378 551 2410 haec
578 2379 729 2413 valentes.

916 761 947 792 5.
975 759 1231 790 Fundamentum
1258 758 1377 789 hortuli

1023 806 1098 838 Cum
1129 806 1306 837 humilitate

974 853 1124 885 stercora
1148 858 1183 884 ut
1208 853 1316 892 anguli

1024 901 1109 932 Satis
1136 901 1274 932 delicate

976 949 1139 990 Maneant,
1167 949 1311 980 suaviter

1024 997 1113 1027 Intus
1138 997 1368 1027 incrementum

976 1045 1066 1076 Iesus
1093 1044 1158 1084 (let,
1185 1044 1370 1083 perenniter

1021 1092 1165 1123 Tandem
1194 1092 1471 1132 complementum.

944 1213 950 1219 .
978 1187 1021 1219 Et
1047 1191 1081 1218 tu
1107 1187 1276 1219 sollicitius

1027 1235 1142 1267 Planta
1169 1235 1248 1266 duas
1275 1235 1401 1276 herbas,

978 1282 1115 1322 Invigila
1140 1283 1312 1314 instantius

1023 1330 1166 1369 Eisdem,
1194 1339 1233 1361 ne
1260 1331 1316 1362 has
1342 1331 1471 1371 perdas,

977 1377 1009 1409 Si
1037 1382 1193 1418 crescunt,
1221 1378 1314 1409 simul
1340 1379 1488 1411 habitant

1026 1425 1126 1457 Simul
1153 1425 1204 1456 vel
1229 1430 1442 1467 marcescunt,

976 1474 1243 1512 Augmentantur,
1271 1475 1419 1506 radicant

1026 1521 1100 1553 Sive
1126 1525 1180 1552 ant
1208 1522 1409 1555 decrescunt.

945 1641 951 1647 .
980 1615 1012 1647 Si
1039 1617 1119 1647 bene
1146 1617 1346 1655 custodieris,

1027 1664 1141 1695 Totum
1167 1664 1293 1696 hortum
1321 1666 1467 1706 implent,

981 1711 1014 1743 Si
1041 1712 1146 1743 colere
1173 1713 1318 1753 desieris,

1028 1759 1159 1792 Urticae
1185 1764 1261 1792 tunc
1287 1762 1488 1801 subintrent3

979 1808 1181 1848 Quapropter
1205 1817 1313 1840 semen
1339 1811 1480 1842 omnium

1028 1856 1208 1887 Herbarum
1234 1862 1307 1888 sunt
1332 1867 1446 1890 revera

981 1902 1042 1934 Seu
1068 1904 1220 1935 virtutum
1247 1907 1385 1937 omnium

1028 1951 1183 1982 Doctrina
1209 1961 1245 1984 ex
1273 1954 1410 1987 sincera.

945 2069 953 2077 .
980 2045 1023 2077 Et
1046 2045 1125 2077 haec
1149 2051 1223 2078 sunt
1248 2048 1309 2079 Dei
1335 2049 1453 2082 caritas

1028 2093 1071 2124 Et
1096 2095 1235 2132 proximi
1260 2106 1323 2127 non
1349 2097 1435 2140 ficta,

982 2141 1068 2179 Quae
1092 2141 1120 2172 si
1145 2147 1302 2186 crescunt,
1331 2145 1445 2186 deitas,

1029 2189 1170 2221 Trinitas
1196 2191 1326 2231 invicta,

982 2235 1146 2276 Spatiatur
1170 2237 1286 2278 iugiter

1029 2285 1130 2323 IntuS,
1158 2285 1338 2320 delectatur

983 2332 1019 2364 In
1046 2332 1106 2364 hoc
1131 2333 1225 2365 horto
1251 2335 1398 2379 dulciter,

1031 2380 1090 2412 His
1116 2381 1225 2413 herbis
1251 2383 1442 2420 oblectatur.
