1651 2680
706 81 963 116 —212—

217 178 249 210 3.
277 180 357 215 Ave,
385 177 492 217 palma
518 175 623 208 fructu
649 177 743 216 pleno

323 224 523 262 virtutisque
549 224 726 266 cellarium,

276 273 362 304 Lava
388 272 510 312 sordes,
537 281 555 303 ο
581 281 723 313 amoena,

325 319 435 351 Dulcis
461 328 543 360 rosa,
571 320 773 359 solsequium.

218 408 253 439 4.
282 406 370 437 Evae
396 405 507 436 mortis
534 407 768 448 conuitutatrix,

326 452 461 484 Ductrix
488 457 556 484 tuta
582 454 771 494 mortalium,

279 501 394 541 Expia,
421 508 534 540 potens
560 501 691 539 oratrix,

327 548 456 591 Labem,
485 549 609 588 culpam
637 554 665 578 ot
685 550 806 582 vitium.

903 181 934 212 5.
964 179 1017 210 Ad
1042 182 1075 210 te
1100 187 1204 220 curro,
1232 186 1306 217 spes
1332 176 1436 213 unica,

1010 225 1170 258 Gaudium
1201 225 1331 258 summis
1357 228 1389 256 et
1413 223 1497 265 imis,

964 274 1059 306 Alma
1084 274 1191 313 proles
1216 273 1384 312 Davidica‚

1009 322 1110 354 Reum
1136 330 1186 352 me
1212 330 1343 353 excuses
1368 319 1476 352 nimiS.

905 409 936 440 6.
963 407 1033 438 Duc
1057 416 1116 447 me,
1143 416 1267 448 precor,
1295 406 1336 437 ad
1359 414 1499 444 superna

1011 455 1178 495 Collegans
1204 454 1284 486 caeli
1311 453 1433 485 civibus

965 501 1140 542 Cordisque
1166 511 1266 542 purga
1290 502 1417 532 interna

1012 550 1109 582 Malis
1135 554 1165 581 et
1192 549 1278 581 vitiis
1303 548 1460 580 omnibus.

256 635 340 661 Brev.
367 642 418 660 ms.
434 634 665 661 Recollectorum
681 634 891 661 Parisiensium
907 641 982 661 saec.
1001 633 1043 661 15.
1068 634 1137 661 Cod.
1155 635 1296 661 Mazarin.
1311 632 1368 661 4423,
1390 631 1496 664 (1018).

179 672 244 699 add.
267 682 343 700 saec.
366 671 410 698 15.
431 687 466 690 »ἡ
489 671 514 700 5.
535 670 554 698 4
575 673 664 699 Ream
686 681 739 698 me.

622 783 675 814 161.
717 784 755 814 De
777 783 874 814 Beata
896 783 995 814 Maria
1018 784 1051 814 V.

226 866 255 898 1.
282 866 362 901 Ave,
390 865 477 896 clara
503 864 556 895 lux
583 864 706 902 solaris,

280 913 383 950 Salve,
407 913 527 944 micans
553 912 647 943 stella
674 913 780 953 maris,

279 963 359 1000 Ave,
386 964 487 991 mater
512 960 738 999 orphanorum,

280 1008 369 1048 Spes,
397 1008 538 1039 solamen
564 1008 761 1040 miserorum.

219 1095 249 1125 30

277 1095 355 1128 Ave.
384 1093 468 1123 mitis
496 1097 526 1123 et
553 1093 698 1131 benigna,

277 1142 477 1180 sempiterna
502 1140 596 1171 laude
623 1140 727 1182 digna,

276 1188 360 1221 Aula
386 1188 444 1219 Dei
471 1188 648 1228 virginalis,

278 1236 354 1267 Flos
380 1240 560 1267 sanctorum
586 1236 745 1275 specialis,

218 1323 249 1353 3.
277 1321 322 1352 Te
349 1330 524 1361 precamur,
550 1332 567 1351 0
593 1321 707 1359 Maria,

278 1370 339 1399 l'er
364 1378 456 1407 quam
484 1371 570 1407 patet
598 1369 682 1399 vitae
708 1369 769 1409 via,

274 1415 360 1447 Audi
386 1424 479 1447 voces
504 1416 712 1451 servulorum,

280 1463 373 1494 Solve
399 1471 497 1494 nexus
523 1463 720 1494 delictorum.

906 867 936 897 4.
964 864 1050 896 Deus
1076 864 1108 895 in
1134 868 1165 895 te
1191 864 1289 902 venit,
1316 865 1380 904 pia.¹

966 911 1184 943 Conformaris
1209 917 1284 943 tune
1309 912 1431 952 sophia,

968 961 1029 991 Per
1056 964 1087 990 te
1110 961 1262 992 mundum
1290 960 1432 991 visitavit

967 1007 1007 1038 Et
1035 1017 1053 1038 a
1079 1011 1180 1038 morte
1206 1007 1365 1040 liberavit.

904 1096 934 1125 5.
962 1092 1039 1123 Flos
1066 1093 1225 1133 candoris,
1252 1101 1389 1125 vernans
1412 1102 1494 1135 rosa,

964 1140 1061 1172 Nulla
1086 1149 1137 1171 res
1163 1145 1211 1172 est
1238 1144 1302 1171 tam
1329 1140 1477 1180 formosa,

964 1188 1096 1219 Praeter
1121 1188 1222 1219 Deum
1250 1188 1329 1219 nihil
1355 1188 1419 1220 tale

963 1235 1030 1266 Nec
1055 1240 1119 1267 tam
1147 1244 1277 1275 prorsus
1303 1236 1452 1275 speciale.

908 1324 938 1353 ej.
967 1320 1120 1353 Claritate
1146 1321 1274 1352 vincens
1301 1321 1398 1353 solem

965 1368 1131 1399 Protulisti
1156 1368 1274 1399 mundo
1300 1369 1432 1408 prolem,

965 1415 1082 1447 Hostes
1107 1419 1234 1447 nostros
1259 1416 1314 1455 qui
1335 1417 1498 1448 destruxit

962 1462 1003 1494 Et
1028 1464 1070 1494 ad
1096 1463 1192 1494 vitam
1215 1472 1272 1495 nos
1297 1464 1435 1496 reduxit.

259 1546 379 1574 Collect.
409 1557 460 1574 ms.
483 1547 608 1574 Carmeli
628 1547 778 1574 Treviren.
808 1555 882 1574 saec.
914 1545 955 1574 15.
997 1547 1067 1574 eod.
1087 1547 1238 1574 Treviren.
1265 1545 1329 1574 306.
1356 1563 1392 1568 ——
1414 1549 1497 1576 Nach

180 1586 238 1612 Str.
261 1584 278 1611 3
299 1585 372 1612 noch
395 1586 441 1612 die
464 1585 671 1621 iiberziihligeu
692 1586 807 1612 Zeilen:

637 1651 842 1686 supplicantes
863 1653 912 1687 pio
935 1653 1019 1679 corde

636 1690 696 1716 Nos
718 1691 754 1716 ab
776 1691 855 1717 omni
876 1698 969 1725 purga
989 1691 1082 1718 sorde.

625 1802 684 1834 162.
727 1802 767 1832 De
789 1801 887 1832 Beata
909 1802 1009 1833 Maria
1030 1803 1064 1832 V.

221 1884 252 1914 1.
279 1880 361 1920 Ave,
389 1883 477 1923 virgo
503 1882 650 1922 gloriosa,

279 1932 385 1963 Mater
411 1931 529 1962 Christi
555 1931 706 1970 pretiosa,

278 1979 381 2019 Supra
407 1979 505 2010 solem
533 1979 700 2019 luminosa,

325 2028 405 2065 Ave,
432 2027 529 2066 plena
554 2027 666 2066 gratia.

907 1885 936 1915 2.
965 1879 1076 1925 Virgo,
1105 1884 1206 1915 vellus
1233 1883 1405 1923 Gedeonis‚

966 1930 1073 1971 Virgo,
1101 1932 1253 1971 templum
1279 1932 1471 1974 Salomoni-5,

966 1978 1075 2018 Virgo,
1103 1984 1224 2018 septem
1251 1980 1347 2020 plena
1373 1981 1478 2021 donis,

1012 2026 1099 2058 Audi
1125 2036 1182 2058 nos
1209 2028 1360 2068 propitia.

544 2114 575 2145 3.
605 2109 796 2145 Exsulamus
823 2120 881 2150 pro
908 2112 1048 2152 peccatis

605 2162 641 2192 ln
669 2162 815 2200 Aegypto
841 2161 1003 2199 vanitatis,

603 2207 665 2240 Sed
693 2211 738 2244 tu,
767 2210 867 2238 mater
893 2209 1032 2250 pietatis,

653 2255 764 2286 Reduc
789 2264 846 2286 nos
871 2256 913 2287 ad
939 2256 1087 2295 patriam.

258 2343 378 2371 Collect.
407 2351 458 2369 ms.
487 2343 588 2370 ineert.
615 2341 688 2376 orig.
717 2350 792 2368 saec.
824 2339 867 2367 15.
897 2343 938 2370 in.
967 2342 1036 2369 Cod.
1064 2343 1190 2369 Parisin.
1222 2341 1328 2370 11343.
1356 2344 1502 2373 -Akro-

178 2381 308 2411 stichon:
331 2381 355 2408 Α
364 2390 381 2406 ν
390 2390 413 2408 e.
