1651 2680
685 111 946 146 —235-

558 202 618 232 182.
659 204 719 234 Pro
741 204 885 237 fidelibus
907 205 1075 237 defunctis.

382 275 470 308 Ante
497 279 582 308 tuam
609 277 725 311 faciem
753 289 823 313 cum
849 282 940 313 iustis
966 285 1061 322 atque
1088 281 1188 314 beatis

383 323 560 356 Aeternam
588 329 730 366 requiem
758 329 852 370 dona,
879 328 977 369 Deus,
1006 330 1058 361 hic
1084 330 1247 361 tumulatis

383 370 437 408 Et,
465 381 544 412 quos
571 378 673 406 morte
699 376 803 408 crucis
829 377 971 419 salvasti,
999 386 1039 408 ne
1065 378 1252 420 moriantur,

384 419 564 460 perpetuae
590 422 670 454 lucis
698 422 750 454 fac
776 428 810 455 ut
835 424 1007 465 splendore
1033 424 1190 459 fruantur.

226 489 347 516 Collect.
370 498 422 517 ms.
444 499 520 518 saon.
545 490 587 518 15.
611 493 684 520 Clm.
707 495 860 522 Monacen.
882 493 946 522 641.
969 510 1005 514 -
1023 496 1064 522 Es
1086 495 1160 530 folgt
1180 496 1269 529 noch,
1291 505 1348 523 von
1370 497 1476 529 obigeu

147 525 260 554 versen
281 529 432 563 getrennt:

499 567 644 602 Christus,
666 568 855 598 fidelissimus
877 573 988 598 amicus
1010 576 1118 603 noster,

536 615 595 634 non
616 608 666 635 diu
692 612 882 644 exspectavit,

496 644 553 671 Sed
575 649 674 674 statim
698 651 817 681 peracta
842 649 979 684 passione

536 688 653 711 sanctos
676 688 705 712 in
727 694 843 715 carcere
867 688 1008 716 visitavit.

496 721 536 747 Et
556 722 611 749 hoc
632 725 718 752 nobis
740 726 914 761 exemplum,

534 762 621 796 quod,
644 764 669 788 si
690 763 826 790 volumus
849 764 1003 791 animabus
1025 764 1191 793 subvenire.

494 798 525 825 Si
548 801 748 834 protrahimus
771 803 918 838 suffragia,

534 846 593 864 non
614 840 752 866 videntur
773 841 816 867 eis
838 840 987 875 expedire3

495 876 679 905 Gravissime
701 879 778 905 enim
802 888 867 906 cum
889 879 986 905 taedio

533 921 704 950 exspectare
725 919 961 952 comprobantur,

495 954 552 986 Qui
574 956 633 980 tam
656 956 906 983 inenarrabilibus

533 994 636 1026 poenis
657 994 834 1020 cruciantur.

596 1099 654 1130 183.
698 1099 738 1130 De
760 1102 870 1131 sancta
893 1102 1022 1139 Agnete.

161 1173 190 1206 1.
224 1173 312 1205 Mitis
339 1174 458 1213 Agnes,
486 1183 567 1213 quae
591 1175 727 1215 nupsisti
851 1178 882 1209 2.
911 1176 1081 1208 Denudata
1107 1177 1180 1208 dum
1208 1176 1306 1214 fuisti,

217 1222 309 1262 Agno
336 1221 416 1262 miti,
444 1230 536 1262 quem
564 1223 715 1262 quaesisti
912 1224 1037 1256 Nudam
1065 1225 1146 1255 texit
1173 1225 1274 1257 virtus
1302 1225 1422 1257 Christi

265 1270 385 1302 Mentis
412 1271 442 1301 in
470 1271 633 1312 memoria,
959 1272 1155 1312 Capilloxum
1183 1275 1286 1313 copia,

215 1318 286 1349 Nee
311 1317 352 1349 ab
379 1327 462 1358 agno
486 1318 620 1359 potuisti
908 1321 997 1359 Quae
1021 1321 1055 1352 in
1081 1330 1163 1360 agno
1188 1325 1221 1352 te
1249 1321 1366 1353 dedisti

218 1365 335 1398 Poenis
364 1364 461 1408 flecti,
488 1367 695 1407 permansisti
911 1368 954 1399 Et
979 1369 1010 1400 in
1038 1378 1119 1409 agno
1144 1369 1304 1410 placuisti,

266 1414 424 1447 Constans
450 1414 515 1447 fide
541 1415 657 1450 media,
957 1417 1040 1448 Mihi
1066 1417 1109 1447 sis
1135 1418 1290 1450 custodia.

219 1486 300 1513 Orat.
321 1494 374 1513 ωε.
396 1486 551 1521 Anglican.
574 1495 649 1514 saec.
674 1484 717 1514 13.
758 1487 829 1515 (jod.
852 1487 1015 1515 Londinen.
1038 1488 1085 1514 Ar.
1109 1485 1172 1514 201.

580 1595 642 1626 184.
684 1595 725 1626 ne
748 1595 867 1627 sanetis
889 1596 1026 1635 Angelis.

183 1695 191 1703 .
218 1670 324 1711 Salve,
351 1675 461 1703 sancte
486 1671 639 1704 Michael.
850 1675 880 1705 3.
910 1672 1016 1710 Salve,
1042 1676 1152 1705 sancte
1178 1672 1324 1715 Gabriel,

265 1718 347 1752 caeli
374 1720 552 1759 proeliator
960 1721 1057 1752 decus
1084 1721 1279 1761 angelornm,

215 1767 260 1800 Et
285 1768 435 1800 draconis
461 1768 580 1808 perfidi
909 1768 962 1800 Ad
988 1769 1127 1800 Mariam
1156 1770 1310 1809 virginem

263 1819 378 1856 potens
405 1816 596 1856 debellator,
958 1817 1103 1849 nuntium
1130 1817 1280 1849 decorum

213 1864 275 1897 Tui
301 1864 375 1896 vilis
401 1864 521 1897 servuli
912 1864 957 1895 Te
983 1865 1071 1896 misit
1095 1866 1297 1905 omnipotens

262 1913 313 1946 Sis
338 1913 561 1953 patrocinator
957 1913 1090 1945 cardine
1117 1913 1289 1952 caelorum,

210 1961 256 1993 Et
280 1961 323 1995 ad
350 1962 432 1994 caeli
458 1961 575 2003 gaudia
908 1961 970 1993 Per
995 1964 1027 1992 te
1053 1960 1146 1993 nobis
1166 1961 1322 1993 Dominus

257 2010 337 2043 Eius
363 2010 566 2050 adportatur.
955 2017 1054 2049 regna
1080 2009 1133 2040 det
1163 2009 1335 2041 caelorum.

178 2109 185 2117 .
212 2083 320 2122 Salve,
347 2087 459 2115 sancte
484 2082 642 2123 Rapbael,
849 2084 881 2114 4.
909 2081 1015 2120 Salve,
1042 2085 1153 2114 sancte
1178 2081 1282 2119 Uriel,

258 2131 346 2173 patri
373 2131 426 2172 qui
457 2129 590 2164 Tobiam
958 2130 1023 2170 iugi
1051 2129 1173 2161 visione

214 2179 388 2212 Reduxisti
414 2179 567 2220 sospitem
909 2178 1029 2210 Summi
1056 2177 1158 2218 patris
1184 2177 1306 2217 hilaris,

257 2236 319 2269 per
343 2230 409 2260 tam
435 2228 562 2268 longam
589 2226 685 2266 viam,
955 2228 987 2257 te
1013 2234 1139 2266 precor,
1167 2226 1209 2257 mi
1237 2226 1329 2268 bone,

211 2275 282 2309 Fac
305 2284 365 2308 nos
391 2276 481 2309 caelo
507 2283 640 2307 cernere
906 2274 968 2306 Tui
992 2273 1166 2314 patrocinii

261 2323 343 2357 caeli
369 2323 584 2357 hierarchiam
957 2322 1042 2354 trino
1069 2331 1126 2354 nos
1151 2332 1252 2363 agone

211 2373 346 2406 Omnem
372 2375 405 2404 et
431 2381 502 2406 cum
527 2370 595 2404 filio
908 2371 1037 2402 Munias
1063 2382 1082 2403 a
1108 2370 1232 2411 perfido

260 2419 419 2462 virginem
444 2420 595 2454 Mariam.
956 2423 1124 2460 taetroque
1151 2419 1301 2452 dracone.
