1651 2680
637 111 872 146 —53—

237 204 299 246 Qui
324 205 476 246 placuere
501 206 561 238 tibi
586 207 698 248 vigiles
727 207 768 239 ab
793 208 917 248 origine
941 209 1064 242 mundi.

235 255 319 293 Iesu,
345 253 406 286 Dei
432 253 488 295 fili,
517 263 593 295 rogo
619 259 661 296 te,
688 264 758 288 mea
784 257 919 288 crimina
946 256 1027 296 dele,

237 300 379 335 Crimina
406 301 623 342 dissimulans,
651 304 806 336 miserans
831 309 966 345 peccata
991 304 1128 338 remitte.

235 350 284 382 Tu
309 349 456 380 minimas
483 349 594 390 culpas
619 351 796 391 universas,
825 352 960 389 Christe,
987 353 1099 385 relaxa

150 398 211 432 35.
239 396 396 430 Sordibus
423 401 455 428 et
479 398 578 430 lotum
608 400 730 431 cunctis
756 400 929 432 virtutibus
954 401 1053 439 imple

238 444 498 485 Omnimodisque
525 445 615 478 bonis
643 456 692 478 me
720 447 825 487 dignis
853 449 979 480 actibus
1005 456 1093 485 orna,

238 491 405 533 laetifica,
432 493 532 531 salva,
566 494 730 534 confirma,
758 495 871 536 dirige,
897 505 1001 529 serva.

237 541 286 574 Sit
309 541 389 572 mihi
414 545 502 573 recta
525 540 605 573 fides
632 546 662 573 et
690 542 780 575 falsis
806 544 900 575 obvia
926 544 1030 585 sectis,

238 590 287 623 Sit
312 589 390 620 mihi
416 589 588 628 praecipue
614 599 737 622 morum
764 592 920 623 correctio
946 600 1121 631 praesens,

152 639 210 672 40.
237 637 302 670 Sim
330 646 434 678 carus,
462 637 600 679 humilis,
629 647 726 670 verax
753 647 822 670 cum
850 643 993 679 tempore
1019 638 1170 679 prudens,

240 685 362 718 Secreti
388 685 504 716 tacitus
531 689 563 716 et
588 686 715 726 linguae
741 687 849 719 limine
876 691 997 719 cautus

238 734 290 766 Da
314 732 412 764 fidum
439 734 570 771 socium,
599 735 640 765 da
665 733 762 766 fixum
789 744 916 774 semper
941 735 1087 773 amicum,

234 782 284 814 Da
309 780 461 812 blandum
488 780 702 821 sobriumque,
729 783 816 823 pium
843 788 1026 822 castumque
1052 782 1243 815 ministrum.

235 830 306 862 Non
333 838 383 860 me
410 829 580 869 pauperies
607 831 727 862 cruciet
755 840 811 862 nec
838 832 972 872 languor
998 830 1148 872 abundet,

150 880 208 912 45.
237 878 285 910 Sit
311 886 414 909 comes
441 878 525 908 alma
550 878 636 909 salus
663 883 693 909 et
720 877 914 910 sufficientia
939 879 1053 919 victus,

236 925 376 959 Crimine
401 934 459 956 nec
486 925 611 957 laedam
639 935 828 966 quemquam
855 936 913 959 nee
940 927 1072 958 crimine
1098 926 1221 958 laedar.

235 974 288 1006 Sic
314 973 394 1005 bene
422 973 503 1004 velle
527 983 651 1012 queam,
676 984 737 1014 quo
764 984 898 1014 pravum
925 975 1072 1014 quodque
1098 973 1240 1013 recedat,

234 1022 288 1054 Nil
314 1026 407 1061 turpe
433 1022 570 1061 cupiam,
599 1022 714 1053 faciam
742 1023 791 1053 vel
818 1023 992 1063 proloquar
1018 1031 1167 1062 unquam.

232 1070 282 1103 Sit
305 1070 384 1101 mihi
407 1073 481 1109 post
506 1073 641 1101 mortem
666 1070 794 1112 requies
819 1076 849 1102 et
877 1071 944 1102 vita
968 1070 1120 1113 perennis

151 1119 206 1153 50.
234 1119 296 1150 Per
320 1122 360 1154 te,
388 1118 440 1156 qui
464 1118 550 1149 solus
577 1123 611 1150 tu
638 1127 752 1160 regnas
778 1119 880 1150 trinus
907 1123 936 1149 et
963 1127 1054 1151 unuS.

167 1203 286 1232 Collect.
314 1212 366 1230 ms.
388 1202 601 1230 Cantuariense
625 1202 660 1235 (2²)
686 1212 761 1231 saec.
787 1202 829 1230 11.
851 1203 922 1230 cod.
945 1203 1165 1238 Cantabrigien.
1188 1202 1234 1238 (ἔρ,-
1252 1203 1288 1235 V,
1310 1201 1356 1229 35.
1378 1219 1416 1222 —

89 1243 171 1271 Nach
192 1241 245 1271 33:
268 1243 399 1270 Crimina
419 1245 525 1268 cuncta
546 1244 655 1278 tegens.
678 1244 766 1269 etiam
790 1245 909 1277 peccata
931 1243 1092 1269 remittens
1128 1243 1199 1269 Dies
1223 1243 1261 1268 ist
1283 1241 1416 1268 offenbar

86 1291 144 1309 nur
172 1283 236 1309 eine
264 1280 370 1309 andere
390 1280 524 1315 Fassung
546 1289 603 1307 von
624 1278 670 1312 33,
691 1281 738 1308 die
759 1280 849 1307 durch
871 1281 978 1308 Irrtum
1000 1290 1065 1307 vom
1087 1280 1189 1308 Raude
1213 1281 1243 1306 in
1264 1280 1321 1308 [len
1340 1281 1417 1307 Text

91 1321 234 1356 gelangte.
259 1334 294 1340 —-
314 1319 465 1346 Abschrift
485 1327 542 1346 von
564 1319 636 1346 Rev.
660 1320 696 1346 H.
719 1319 759 1346 Μ.
780 1320 945 1346 Bannister.

491 1451 536 1482 37.
570 1450 614 1481 Ad
636 1450 791 1482 Christum
813 1454 845 1482 et
867 1450 1008 1482 Mariam.

369 1544 399 1576 1.
429 1543 485 1575 Pie
511 1542 595 1579 Iesu,
623 1542 805 1582 recordare,

427 1591 527 1630 Quam
553 1590 729 1622 crudeliter
756 1594 787 1621 et
813 1598 906 1630 quam
935 1598 1043 1621 amare

425 1639 463 1671 In
489 1639 580 1678 signo
607 1639 711 1670 crucis
735 1637 893 1675 liberasti,

426 1687 591 1718 Perditum
619 1694 718 1727 genus
744 1685 938 1726 protoplasti

426 1735 662 1766 Pretiosissimo
686 1735 838 1773 sanguine
865 1734 1008 1775 corporis
1035 1735 1092 1775 tui,

429 1782 542 1815 Gratia
569 1786 690 1814 tantum
719 1788 749 1814 et
776 1792 838 1814 non
865 1783 980 1814 merito
1007 1783 1064 1814 sui.

365 1861 399 1893 2.
427 1860 470 1892 Et
495 1868 536 1892 ne
560 1859 594 1891 in
619 1867 670 1890 me
687 1859 867 1898 redemptio
893 1861 1006 1898 pereat
1030 1858 1116 1897 talis,

427 1909 491 1941 Per
516 1911 548 1938 te
575 1908 653 1939 meis
675 1912 749 1947 peto
776 1904 938 1951 [liberari]
968 1907 1060 1938 malis

426 1957 481 1997 Et,
509 1965 548 1988 ne
575 1955 694 1995 perdas
721 1964 803 1987 nunc
829 1954 976 1997 offensus,

428 2005 491 2036 Pro
517 2013 579 2044 quo
605 2005 637 2035 in
665 2004 750 2043 ligno
777 2005 880 2035 crucis
907 2012 940 2034 es
966 2011 1152 2044 suspensus,

427 2053 477 2085 Ne
501 2052 620 2093 perdas
646 2060 730 2083 nunc
755 2051 867 2091 iratus,

427 2102 494 2144 Pro
518 2109 580 2140 quo
606 2103 728 2132 tantum
756 2108 789 2130 es
816 2099 1012 2132 vulneratus

371 2181 406 2213 3.
431 2178 515 2219 Quid
542 2177 618 2208 mihi
644 2175 777 2216 profuit,
805 2179 918 2208 auctor
943 2176 1034 2215 lueis,

430 2227 520 2267 Quod
547 2224 662 2256 subisti
689 2233 823 2264 poenam
851 2224 965 2264 crucis,

431 2275 464 2308 Si
491 2275 538 2306 sic
564 2281 708 2304 maneam
735 2273 767 2304 in
796 2271 924 2304 delictis

430 2323 475 2355 Et
501 2321 679 2355 damnabor
705 2329 774 2352 cum
801 2319 1006 2352 maledictis?

433 2371 507 2403 Non
533 2369 580 2402 sic
605 2369 737 2410 perdas,
763 2368 836 2400 Iesu
861 2367 952 2411 bone,

433 2420 504 2452 Tua
529 2418 730 2457 redemptum
757 2417 916 2456 passione.
