1651 2680
649 103 887 140 -37-

133 201 173 233 13.
191 198 430 241 «Βαηαίβσειων
454 201 486 232 in
510 200 651 234 aeternis

200 247 270 279 Tua
294 247 365 279 laus
390 251 422 279 et
447 249 480 280 in
507 249 666 289 supernis,

201 294 334 327 Custodi
359 305 416 327 nos
443 305 462 328 a
487 297 692 336 sempiternis

249 343 365 376 Poenis
390 342 612 386 infernalibus,

199 390 328 424 Nomen
341 394 485 423 sanctum
501 395 550 423 est
560 392 734 425 verendum

200 438 270 480 Dei,
298 447 359 471 non
387 439 684 480 contradicendum,

200 487 306 527 Super
330 487 436 519 omnia
462 487 631 519 colendum

247 535 381 574 Semper
405 535 446 567 ab
472 535 664 570 hominibus.

134 671 172 703 4.
200 669 308 701 Tuum
335 668 427 709 velle,
455 672 600 700 sanctum
626 672 739 709 totum,

199 716 302 749 Debet
330 725 400 748 esse
425 717 548 748 cunctis
574 720 694 756 notum,

199 766 229 797 A
254 765 396 806 peccatis
421 774 471 796 me
500 770 656 797 remotum

246 813 312 845 Fac
339 821 409 844 cum
434 813 667 852 sacerdotibus,

197 859 363 892 Adveniat
387 865 441 892 tua
467 861 578 902 virtus,

198 908 328 941 Lenitas
355 909 460 940 dictae
488 909 627 949 virtutis,

198 956 247 987 Ne
273 960 365 997 cogat
391 960 520 988 sanctus
546 957 679 996 spiritus

244 1005 290 1036 Te
317 1013 386 1036 cum
412 1005 641 1038 habitantibus

131 1142 168 1172 5.
196 1139 343 1178 Reynum
363 1143 449 1169 tuum
469 1141 516 1168 est
531 1142 726 1180 cunctorum,

196 1186 287 1218 Salus
313 1192 423 1219 nostra
448 1186 698 1226 redemptorum,

200 1235 342 1273 Praesta,
369 1234 456 1266 Deus
483 1238 570 1265 tuum
597 1235 727 1266 chorum

243 1284 318 1314 t‘um
345 1282 575 1323 superioribus.

192 1332 298 1362 Tuum
324 1339 454 1371 regnum
481 1335 529 1361 est
556 1330 692 1372 beatum,

195 1379 288 1411 Salus
314 1379 405 1411 bonis
433 1380 628 1421 deputatum,

193 1427 254 1458 Est
279 1431 310 1458 et
334 1431 445 1466 aptum
472 1431 501 1457 et
530 1431 677 1466 paratum

239 1475 313 1507 Tibi
337 1474 561 1507 servientibus.

126 1607 164 1638 6.
194 1605 271 1636 Fiat
296 1603 388 1637 nobis
414 1613 523 1636 verum
550 1605 673 1636 caelum

190 1653 289 1685 Trina
319 1661 393 1692 spes
419 1657 448 1684 et
475 1656 575 1684 totum
603 1661 724 1692 verum,

195 1701 366 1734 Videamus
391 1710 515 1733 omnem
542 1701 645 1733 zelum

239 1752 267 1782 A
291 1750 531 1790 proicientibus.

195 1795 356 1830 Voluntas
385 1807 459 1829 vere
486 1797 594 1829 divina

189 1846 307 1878 Sancta
331 1851 438 1878 manet
463 1847 495 1878 in
523 1846 681 1886 doctrina,

189 1895 232 1928 Ut
259 1904 314 1927 nos
340 1899 447 1926 servet
472 1904 491 1927 a
517 1894 619 1931 ruina,

233 1943 285 1975 Ab
311 1941 529 1975 inferioribus,

122 2075 157 2107 7.
184 2074 258 2107 Tua
287 2078 360 2107 vota
384 2078 459 2106 suut
484 2077 626 2115 aeterna,

185 2123 232 2156 Ut
258 2123 411 2155 ducamur
437 2123 478 2154 ad
505 2129 656 2161 superna,

184 2171 336 2204 Vivamus
362 2171 394 2202 in
421 2170 619 2210 sempiterna

232 2219 311 2252 Cum
338 2220 479 2251 aeternis
506 2216 674 2251 fratribus.

179 2267 275 2301 Sicut
299 2267 407 2301 Adam
432 2270 467 2299 tu
493 2264 663 2306 plasmasti

182 2316 227 2350 Et
252 2320 326 2356 post
352 2316 457 2356 ipsum
483 2319 518 2346 tu
545 2313 663 2355 citasti,

180 2364 444 2404 Libertatemque
470 2362 599 2396 donasti

226 2413 384 2447 Omnibus
407 2411 609 2445 mortalibus.

833 202 866 236 8.
891 202 936 235 In
962 201 1048 234 caelo
1075 203 1108 232 tu
1133 211 1190 233 nos
1216 200 1334 240 largire

892 250 1021 282 Summa
1047 249 1163 290 gaudia
1188 248 1318 287 sentire,

891 298 936 330 Te
962 298 1073 329 videre
1100 301 1131 328 et
1157 296 1269 329 audire

939 346 1017 378 Cum
1043 350 1075 377 te
1102 344 1319 385 diligentibus.

890 392 935 425 Et
960 393 996 424 in
1018 395 1104 425 terra
1131 394 1177 424 sie
1204 393 1321 424 morari

890 442 933 474 Et
959 441 1089 473 honeste
1117 441 1309 473 conversari.

891 490 937 523 Ut
964 489 1109 520 dotemur
1134 497 1242 520 omnes
1270 489 1339 527 pari

938 536 1011 568 Vita
1037 545 1107 568 eum
1134 536 1324 568 viventibus.

830 672 861 703 9.
888 670 1014 702 Panem
1039 673 1184 702 sanetum
1210 669 1400 709 spiritalem,

889 718 1026 750 Nostrae
1054 718 1137 748 vitae
1163 717 1345 757 specialem,

888 767 1032 800 Praesta.
1057 765 1155 803 Deus,
1183 767 1280 797 vitam
1307 765 1407 796 talem

937 813 1041 854 Digne
1069 813 1346 846 manducantibus,

888 863 1044 893 Nostrum
1070 861 1172 893 Deum
1199 863 1377 898 timeamus,

889 909 940 941 Illi
968 911 1019 950 pie
1046 910 1234 946 serviamus,

889 958 931 990 Ut
958 959 999 989 ad
1026 959 1128 997 ipsum
1158 957 1314 998 fugiamus

938 1006 1070 1037 Relictis
1098 1005 1296 1037 criminibus.

803 1138 858 1171 10.
887 1138 1096 1170 Calidianum
1126 1143 1157 1169 et
1183 1147 1303 1174 verum,

885 1187 1000 1227 Vitam,
1025 1195 1151 1218 carnem
1173 1191 1267 1226 atque
1286 1197 1418 1220 merum.

884 1235 1029 1273 Praesta,
1039 1235 1301 1274 Deus‚nu11‹1u;=x11
1315 1245 1418 1266 :vrum

932 1283 1039 1321 Ipsum
1068 1283 1345 1316 manducantibus.

881 1330 937 1362 Da
964 1331 1057 1362 nobis
1084 1335 1113 1361 et
1140 1335 1268 1362 nostrae
1295 1331 1381 1367 ,nenti

883 1379 1000 1419 Vitam,
1029 1379 1128 1420 Deus,
1154 1379 1185 1410 in
1212 1381 1386 1419 praesenti,

882 1427 988 1458 Vitam
1018 1428 1124 1458 vivere
1150 1427 1270 1459 viventi

929 1474 1006 1506 Cum
1035 1475 1130 1506 dietis
1157 1475 1348 1510 hominibus,

800 1605 854 1638 11.
882 1604 991 1637 Hodie
1017 1606 1057 1636 sit
1082 1614 1235 1644 praesens
1264 1606 1329 1638 vita

882 1654 1043 1694 virtuosa,
1071 1654 1231 1695 redimita,

883 1701 952 1733 Tua
978 1702 1081 1740 gratia
1109 1703 1231 1734 munita

927 1748 1066 1789 Tuisque
1093 1751 1287 1784 muneribus.

879 1797 924 1829 Et
950 1797 1074 1829 dimitte
1099 1799 1275 1830 servientes

879 1846 964 1877 Tuos
991 1855 1059 1877 esse
1086 1847 1295 1885 paenitentes,

880 1894 915 1925 In
943 1892 1083 1926 futurum
1110 1894 1175 1926 sint
1200 1895 1376 1935 gaudentes

928 1941 1004 1973 cnm
1032 1951 1106 1974 vere
1132 1943 1357 1982 gaudentibus,

796 2072 850 2105 12.
877 2072 979 2105 Nobis
1006 2072 1092 2104 Deus
1117 2073 1171 2104 det
1196 2077 1357 2114 aeternus,

875 2122 937 2161 Qui
962 2125 1144 2153 nostrorum
1170 2127 1218 2154 est
1241 2131 1412 2163 supernuS,

877 2169 966 2209 Quod
994 2179 1012 2200 a
1040 2168 1131 2201 nobis
1157 2171 1199 2202 sit
1224 2169 1370 2203 infernus

924 2217 1040 2249 Procul
1067 2226 1138 2248 eum
1163 2219 1382 2252 daemonibus.

877 2265 997 2298 Debita
1023 2266 1101 2297 tolle
1127 2267 1303 2310 culparum,

877 2315 996 2347 Sancta
1021 2314 1108 2346 salus
1134 2315 1321 2358 animarum,

876 2363 1011 2394 Praesta
1036 2362 1119 2394 velle
1143 2372 1205 2395 non
1232 2363 1379 2404 ignarum

924 2409 971 2442 Te
996 2410 1268 2445 desiderantibus,
