1651 2680
707 115 969 150 —233—

416 208 472 241 26.
499 208 632 249 Voxque
657 212 807 244 laetantis
832 213 981 244 audietur
1005 213 1134 253 sponsi:

501 255 612 299 Surge,
640 268 721 298 quae
748 260 877 299 dormis,
905 270 1054 302 propera,
1084 260 1211 298 dilecta,

501 303 635 347 Accipe,
663 306 753 349 felix,
777 308 837 339 tibi
862 312 1086 349 praeparatam

625 354 710 386 Ante
737 364 896 388 coronam.

415 433 471 465 27.
499 434 566 465 Iam
593 436 777 475 nuptiarum
804 438 919 476 copula
946 437 1083 469 fecunda

499 480 586 513 Citat
613 488 777 515 cantorum
803 494 923 525 organa
947 486 1096 526 iucunda,

500 529 678 570 Concrepet
706 532 799 563 simul
826 533 939 564 cohors
965 532 1159 565 laetabunda

622 579 897 612 Citharoedorum.

411 659 469 691 28.
496 660 550 691 Ad
577 669 711 700 quorum
738 671 845 693 vocem
874 666 1001 694 resonat
1028 666 1059 693 et
1085 661 1190 700 tellus,

496 708 594 740 Chori
621 714 803 741 sanctorum
830 711 953 750 pariter
977 711 1148 750 exsultant,

495 755 540 787 Et
565 755 711 788 inaudita
737 759 942 789 convivarum
970 759 1067 790 corda

621 804 749 836 Gaudia
775 806 911 845 replent.

411 886 466 918 29.
496 886 614 917 Verum
642 887 720 918 haec
747 897 847 928 parva
873 888 1003 919 exhibet
1028 891 1179 928 aspectus

495 934 588 965 Illius
615 936 724 974 sponsi
751 935 835 975 regis
861 939 893 966 et
919 937 1073 976 magistri,

497 982 557 1020 Qui
583 991 680 1022 super
706 992 815 1014 omnes
840 984 978 1024 imperat
1005 987 1035 1015 et
1064 987 1175 1024 regnat

621 1030 710 1063 Unus
737 1036 767 1061 et
794 1031 890 1065 idem.

412 1112 468 1145 30.
496 1111 591 1143 Cuius
618 1121 711 1151 quam
739 1113 819 1144 mira
844 1113 955 1153 gloria,
984 1114 1143 1152 maiestas,

494 1159 635 1192 Claritas
661 1169 795 1199 summa,
823 1160 950 1192 bonitas
977 1161 1143 1194 immensa.

494 1208 591 1240 Cuius
616 1208 742 1239 decoris
768 1209 893 1247 species
919 1209 1064 1240 illustrat

618 1256 754 1289 Saecula
779 1261 904 1290 cuneta.

409 1333 464 1366 31.
493 1332 580 1372 Ergo
607 1331 734 1365 fallacis
761 1334 864 1373 gloria
890 1337 1074 1373 contempta

491 1381 607 1412 Mundi
633 1391 822 1421 quaeramus
850 1382 967 1422 gaudia
994 1391 1144 1421 superna,

492 1429 556 1461 Ubi
582 1434 765 1461 sanctorum
793 1431 883 1460 cunei
912 1430 1074 1461 laetantur

616 1478 708 1510 Sorte
735 1476 833 1510 felici.

409 1555 464 1588 32.
493 1554 605 1586 Gloria
631 1555 701 1595 tibi,
728 1555 952 1595 cunctipotens
978 1560 1082 1595 pater,

492 1603 604 1634 Gloria
629 1608 706 1635 nato
732 1608 774 1642 et,
802 1604 855 1643 qui
881 1603 921 1635 ab
947 1607 1083 1644 utruque

493 1650 627 1690 Semper
653 1652 801 1692 procedit
827 1652 940 1682 similis
966 1653 1143 1691 amborum,

617 1699 665 1730 Sit
691 1699 792 1731 honor
817 1709 908 1732 unus.

244 1775 324 1802 Petri
346 1776 467 1803 Trecen.
490 1775 568 1802 Hist.
596 1775 687 1802 schol.
715 1784 791 1803 saec.
814 1774 857 1802 13.
902 1776 972 1804 Cod.
996 1777 1215 1803 Francofurten.
1239 1777 1339 1803 Barth.
1361 1777 1405 1803 suf..
1428 1778 1493 1805 add.

164 1822 241 1841 saec.
274 1812 318 1841 13.
345 1815 385 1841 in.
412 1813 498 1844 (nach
530 1813 666 1845 Biihmer,
694 1814 834 1841 Zeitsehr.
864 1815 910 1841 fiir
935 1815 1012 1841 deut.
1042 1816 1145 1842 Alteri.
1168 1816 1192 1840 V
1213 1814 1311 1849 (1845)
1338 1825 1364 1851 p.
1394 1815 1496 1849 467ff.)

163 1853 197 1879 A.
220 1867 257 1871 —
279 1852 400 1879 Collect.
429 1861 481 1879 ms,
504 1852 692 1879 Constantini
716 1852 850 1879 Caietani
873 1862 949 1880 saec.
975 1852 1017 1880 17.
1060 1854 1128 1880 cod.
1151 1854 1340 1881 alexandrin.
1362 1854 1398 1881 99
1418 1856 1492 1885 (111).

164 1892 197 1918 B.
221 1907 248 1910 —
281 1889 304 1923 1,
327 1890 345 1917 3
366 1893 472 1918 cuncta
494 1891 526 1918 B.
550 1905 583 1910 -—
605 1890 633 1923 3,
655 1890 673 1917 4
695 1891 836 1926 redempti
858 1892 890 1919 A.
916 1906 948 1910 —-
973 1891 1000 1923 4,
1022 1890 1039 1918 3
1060 1892 1138 1928 quod
1160 1892 1295 1919 fruuntur
1313 1894 1344 1919 B.
1368 1910 1401 1911 j
1425 1893 1450 1922 5.
1479 1893 1489 1920 1

162 1931 285 1966 Iamque
308 1931 339 1956 B.
361 1945 397 1948 —
419 1929 452 1961 5,
481 1927 499 1956 3
526 1929 652 1956 mundus
675 1931 705 1956 B.
728 1943 763 1948 —
785 1929 819 1963 6,
849 1929 867 1958 3
890 1932 930 1957 Ac
952 1931 1020 1957 flere
1043 1931 1147 1966 lugens
1169 1932 1200 1957 B.
1223 1947 1257 1950 —
1280 1930 1312 1961 8,
1343 1930 1360 1958 *2
1381 1933 1490 1960 fereula

162 1970 272 1996 sentire
299 1970 328 1995 B.
358 1983 394 1986 —
426 1966 473 2000 10,
497 1965 515 1994 2
542 1968 722 1995 demonstrat
755 1969 788 1995 A.
820 1984 851 1987 ›—
884 1967 933 1999 11.
962 1967 980 1996 2
1006 1970 1105 1996 lumen
1128 1970 1160 1996 Α.
1183 1984 1218 1987 -
1244 1968 1293 2002 12,
1325 1970 1335 1996 1
1365 1980 1491 2006 nequam

161 2008 284 2043 spiritus
308 2009 339 2035 B.
362 2022 399 2026 —
423 2005 470 2038 12,
499 2006 516 2033 :5
537 2016 695 2042 supernum
717 2016 797 2043 spem
823 2008 973 2035 beatorum
996 2009 1028 2034 Λ.
1052 2023 1087 2026 -
1113 2007 1160 2039 13,
1191 2007 1203 2034 1
1227 2009 1302 2036 Nam
1325 2011 1348 2035 si
1371 2010 1432 2036 ΑΒ.
1456 2025 1490 2028 -

164 2044 207 2079 14,
232 2046 245 2074 l
269 2047 405 2082 Namque
426 2049 560 2080 respectu
583 2046 614 2072 Β.
641 2060 670 2064 -
698 2044 738 2078 15,
765 2045 777 2072 1
800 2047 896 2073 Vallis
919 2047 966 2073 hic
988 2048 1027 2080 A;
1050 2047 1122 2074 haec
1144 2048 1283 2082 quoniam
1305 2048 1382 2075 dicta
1399 2050 1431 2075 B.
1454 2063 1489 2067 —-

164 2083 212 2116 16,
245 2084 257 2112 1
282 2085 340 2112 Cur
368 2086 425 2112 iam
453 2093 511 2111 non
540 2085 621 2111 flebit
649 2085 735 2111 homo
757 2086 789 2114 Β,
814 2099 846 2104 -
876 2084 925 2117 18,
954 2085 972 2111 2))
993 2086 1033 2112 Et
1054 2090 1254 2121 pserteurorum
1278 2087 1311 2114 A.
1336 2102 1369 2105 —<
1392 2086 1443 2119 ⁴22,
1477 2087 1488 2114 l

161 2125 245 2151 Haec
267 2127 335 2151 tuae
356 2123 453 2151 laudis
479 2124 520 2155 A;
544 2124 607 2150 Has
629 2126 695 2150 tuas
716 2123 818 2150 laudes
842 2125 875 2150 B.
896 2139 932 2143 —
954 2122 1000 2157 22,
1022 2123 1040 2151 2
1061 2126 1201 2159 Quasque
1223 2133 1277 2151 nec
1292 2127 1324 2152 Η.
1346 2141 1381 2144 μ
1403 2125 1449 2157 22,
1471 2126 1489 2153 3

160 2163 307 2190 humanus
330 2162 363 2189 A.
390 2177 425 2181 —-
446 2159 494 2193 24,
515 2160 533 2188 3
554 2162 588 2188 In
610 2161 656 2188 his
677 2171 742 2189 cnm
765 2161 846 2189 nulla
868 2163 977 2198 gaudia
999 2164 1107 2190 festiva
1130 2163 1160 2189 B.
1180 2179 1214 2183 —
1237 2163 1283 2194 24,
1305 2163 1322 2190 4
1343 2165 1490 2201 Tempora

160 2201 310 2229 claudant.
332 2215 370 2220 —
390 2199 436 2234 25,
458 2198 476 2227 2
494 2201 594 2227 Flores
618 2201 648 2226 in
669 2203 746 2227 terra
767 2201 871 2228 florida
893 2203 1058 2228 vernabunt
1076 2203 1104 2228 Η.
1121 2215 1156 2220 —
1172 2200 1218 2234 26,
1240 2201 1258 2227 3
1272 2203 1312 2229 Et
1333 2208 1490 2239 acceptura

160 2241 230 2268 veni
258 2243 465 2276 praeparatam
493 2240 524 2266 B.
547 2253 583 2257 —
604 2237 658 2270 26,
688 2237 707 2266 4
727 2240 795 2266 Tibi
825 2249 963 2267 coronam
986 2241 1018 2266 Β.
1040 2255 1077 2258 -
1099 2238 1150 2270 27,
1177 2239 1195 2267 2
1217 2242 1390 2268 Sanctorum
1418 2244 1490 2269 citat

160 2281 193 2307 Β.
215 2294 251 2298 -
274 2276 326 2311 28,
357 2277 370 2306 l
393 2287 480 2306 voces
504 2279 534 2305 B.
557 2292 594 2297 -
615 2275 667 2310 30,
700 2277 712 2304 l
735 2277 848 2314 gloriae
869 2279 901 2306 B.
924 2293 961 2297 -
983 2280 1040 2305 Str.
1061 2277 1098 2306 32
1120 2279 1193 2305 fehlt
1214 2279 1247 2306 A.
1271 2296 1304 2300 —
1327 2281 1490 2308 Anfschrift

160 2319 193 2345 in
221 2318 260 2344 B:
290 2317 491 2350 Ioachimi,
519 2317 678 2344 abbatis
707 2317 917 2349 Florensis,
946 2318 1070 2353 hymnus
1100 2318 1135 2344 de
1157 2318 1278 2345 caelesti
1301 2320 1489 2346 Hierusalem

161 2361 190 2384 et
210 2357 309 2392 gloria
329 2360 507 2384 sanctorum.
523 2371 560 2374 —
576 2356 600 2382 B
621 2355 736 2382 enthfilt
749 2355 825 2383 noch
840 2357 888 2384 ein
903 2356 1027 2384 anderes
1046 2357 1180 2392 lfingeres
1195 2357 1321 2384 Gedieht
1335 2359 1489 2386 desselben

160 2396 340 2428 Verfassers‚
361 2395 414 2423 das
435 2394 518 2421 nicht
538 2395 569 2421 in
590 2393 636 2421 die
659 2394 900 2431 hymnologische
916 2396 1066 2423 Literatur
1086 2395 1258 2432 einschliigt.
1296 2398 1357 2424 Der
1372 2398 1491 2430 Ansam:

159 2434 317 2463 desselben
337 2434 444 2462 lautet:
