1651 2680
725 109 987 144 —365—

241 203 272 237 7.
299 202 381 235 Sunt
393 202 543 243 praelati,
557 204 614 235 sed
625 204 700 244 quid
712 208 806 236 erunt
814 204 830 237 P

214 1019 268 1051 10.

211 1288 266 1321 11.

213 1558 268 1592 12.

217 1829 271 1862 13.

205 2424 271 2453 711.

296 251 435 284 Poenam
462 254 584 284 tantum
611 256 804 292 meruerunt,

296 298 357 338 Qui
371 309 434 331 non
449 307 573 330 crucem
589 299 709 331 Christi
724 299 830 332 ferunt

296 345 364 378 Nec
384 347 519 378 salutem
546 356 634 378 Suam
661 352 829 388 quaerunt.

261 501 267 507 .
297 475 692 515 Quinonportantcrucem
702 476 831 515 Christi,

298 523 473 555 Punientur
500 532 602 562 poena
629 524 732 565 tristi3

300 571 334 603 Si
361 571 409 602 vis
434 572 527 610 scire,
555 573 608 611 qui
635 577 707 603 sunt
734 572 804 603 isti:

301 619 530 651 Praecursores
556 619 760 651 Antichristi.

264 774 270 781 .
297 748 371 781 Non
382 752 455 780 sunt
464 748 594 787 Christi,
606 749 662 780 sed
671 748 830 791 dicuntur,

297 797 377 835 Quia
394 797 555 828 Christum
570 806 632 828 non
647 801 831 839 sequuntur,

294 845 354 884 Qui
380 845 549 877 mundanis
576 845 751 876 abutuntur

294 892 337 925 Et
363 893 394 924 in
421 893 556 925 caudam
584 893 782 924 relabuntur.

297 1019 386 1050 Inter
411 1018 531 1049 hoedos
558 1017 726 1054 numerati,

296 1065 377 1098 Sunt
402 1075 421 1097 a
447 1065 575 1098 Christo
602 1065 814 1101 condemnati,

297 1113 369 1146 Non
395 1114 500 1155 electi,
528 1115 584 1144 sed
611 1113 726 1151 vocati,

299 1161 380 1194 Sunt
405 1162 568 1202 gehennae
595 1161 684 1192 cibus
711 1161 787 1191 dati.

295 1286 384 1320 Nihil
410 1287 455 1318 eis
481 1289 529 1320 est
555 1286 678 1324 virtuti,

294 1335 399 1369 carne
426 1344 499 1367 caro
525 1335 650 1374 quaerit
676 1333 734 1373 uti,

298 1384 431 1417 Praesul
457 1384 681 1423 procurandae
708 1382 772 1413 cuti

299 1432 374 1465 Plus
401 1431 539 1463 intendit
565 1441 658 1471 quam
686 1430 794 1462 saluti.

296 1557 368 1590 Non
395 1556 431 1588 fit
456 1565 560 1588 sermo
588 1556 628 1587 de
654 1556 781 1597 virtute,

296 1605 367 1638 Non
395 1609 444 1637 est
469 1614 546 1636 cura
573 1604 613 1635 de
640 1605 754 1642 salute,

297 1653 362 1687 Sed
387 1653 420 1685 in
446 1653 652 1694 procuranda
678 1656 750 1684 cute

298 1702 437 1735 Student
462 1709 573 1734 omnes
598 1704 784 1741 praeacute.

298 1827 342 1861 Et
369 1828 444 1860 dum
470 1830 583 1858 venter
608 1827 754 1864 satiatur,

297 1876 353 1908 Vis
379 1876 506 1908 ardoris
532 1876 702 1914 excitatur,

299 1924 344 1958 Ut
370 1935 389 1956 a
416 1925 515 1957 Paulo
541 1924 758 1964 praedicatur,

300 1973 403 2006 Nubit
427 1981 569 2013 praeses,
597 1981 636 2004 ne
661 1974 784 2004 uratur.

891 207 946 239 14.

893 455 948 487 15.

898 751 954 783 16.

896 1249 949 1281 18.

893 1490 949 1521 19.

898 1778 954 1809 20.

974 207 1017 238 Hi
1043 207 1224 245 mendaces,
1251 206 1282 238 hi
1309 206 1440 247 periuri,

974 255 1061 288 Grex
1086 263 1254 295 porcorum
1281 254 1423 296 Epicuri,

975 302 1091 334 Sancto
1119 303 1244 334 domate
1270 303 1372 334 securi

975 350 1093 382 Volunt
1118 350 1250 389 nubere,
1273 360 1336 382 uon
1361 352 1422 383 uri.

976 455 1055 486 Sunt
1081 457 1221 495 tenaces,
1249 459 1321 486 sunt
1347 455 1447 495 avari,

976 503 1063 534 Dare
1089 503 1212 540 nolunt,
1240 505 1333 534 immo
1361 504 1442 541 dari,

975 550 1129 581 Nummos
1137 554 1291 589 quaerunt
1299 550 1519 590 contemplari,

976 598 1025 629 De
1050 598 1160 629 favore
1187 598 1334 638 populari

977 646 1095 676 Volunt
1123 655 1233 676 omnes
1259 646 1400 685 gloriari.

980 750 1080 782 Iudae
1107 750 1223 789 perfidi
1249 759 1409 789 sequaces,

975 799 1059 836 Quos
1087 798 1221 830 Veneris
1248 803 1342 829 urunt
1370 797 1467 838 faces,

976 847 1078 878 Immo
1105 846 1172 885 lupi
1201 850 1273 877 sunt
1298 856 1431 885 rapaces

977 894 1020 925 Et
1046 894 1237 934 hypocritae
1265 893 1406 926 fallaces.

944 1025 950 1031 .
978 1000 1094 1031 Omnes
1121 999 1163 1029 ad
1189 998 1315 1030 inferna
1341 999 1486 1034 tendunt,

974 1046 1523 1086 QuiproposseChristumvenduut,

978 1095 1060 1126 Solis
1088 1094 1201 1134 opibus
1227 1094 1396 1125 intendunt

978 1143 1019 1174 Et
1046 1151 1104 1173 nos
1131 1143 1213 1173 male
1239 1142 1489 1181 reprehendunt.

977 1248 1094 1280 Omnes
1121 1252 1226 1279 tamen
1254 1248 1283 1279 in
1307 1247 1432 1278 occulto

978 1297 1174 1336 Perpetrant
1201 1296 1321 1327 maiora
1346 1296 1445 1326 multo

976 1344 1046 1377 Deo
1072 1352 1199 1383 semper
1222 1344 1411 1385 inconsulto,

978 1392 1040 1424 Sed
1069 1397 1160 1423 reatu
1187 1401 1248 1422 non
1276 1391 1412 1424 indulto,

978 1489 1114 1520 Ventres
1141 1488 1222 1519 male
1249 1487 1411 1518 macilenti

974 1537 1063 1569 Nihil
1090 1536 1241 1567 exhibent
1268 1535 1373 1576 egenti

978 1586 1047 1617 Nec
1061 1594 1249 1624 responsum
1261 1583 1338 1614 dant
1349 1583 1526 1624 quaerenti,

978 1634 1060 1665 Nam
1087 1634 1120 1664 iu
1146 1637 1269 1664 tantum
1296 1637 1369 1663 sunt
1395 1632 1510 1664 intenti

978 1681 1102 1714 Fruttis
1128 1681 1198 1713 auri
1225 1680 1275 1712 vel
1302 1681 1436 1720 argenti.

981 1778 1064 1817 Quid
1092 1777 1131 1808 de
1157 1786 1235 1809 sexu
1260 1786 1322 1809 non
1350 1781 1397 1808 est
1424 1786 1500 1809 cum

981 1826 1035 1867 Et,
1064 1825 1091 1857 si
1117 1826 1244 1865 quaeris
1269 1834 1362 1856 nosse
1389 1826 1492 1865 plura,

981 1874 1045 1905 Per
1071 1873 1129 1904 hos
1155 1874 1292 1904 sustinet
1316 1878 1431 1905 natura

982 1921 1084 1961 Turpi
1110 1925 1233 1952 tantum
1259 1922 1291 1952 in
1319 1921 1452 1954 mistura

982 1969 1109 2002 Violari
1135 1978 1191 2000 sua
1220 1970 1300 2001 iura.

544 2088 603 2121 21.
629 2088 727 2120 Tales
751 2095 858 2118 mores
882 2088 956 2116 sunt
982 2093 1101 2122 eorum,

632 2135 722 2167 Talis
748 2135 815 2166 vita
840 2132 1068 2174 praelatorum,

632 2184 675 2215 Et
700 2181 781 2214 fiunt
808 2181 903 2222 beati,
931 2190 1063 2220 quorum

626 2231 732 2264 Moles
757 2230 859 2262 latent
884 2233 1089 2269 peccatorum

635 2279 697 2311 Per
723 2278 852 2310 saecula
877 2277 1087 2309 saeculorum.

285 2385 407 2414 Collect.
428 2395 482 2414 ms.
503 2384 532 2412 S.
553 2384 657 2412 Albini
677 2383 718 2418 (et
738 2382 767 2410 S.
789 2381 940 2418 Maglorii)
960 2389 1036 2409 saec.
1060 2378 1182 2410 10-13.
1224 2382 1294 2410 Cod.
1316 2383 1412 2410 Vatic.
1428 2384 1533 2419 Regin.

293 2423 359 2453 add.
379 2432 456 2453 saec.
478 2422 553 2451 12Ιιει.
