1651 2680
710 114 968 150 —219—

619 244 678 275 174.
722 245 765 276 De
785 245 883 278 Beata
903 246 1004 278 Maria
1024 246 1062 277 V.

186 342 219 376 1.
247 342 273 375 O
299 343 414 384 regina
440 343 611 383 caelorum,

246 390 366 432 Maria,
393 391 523 423 domina
546 392 743 433 angelorum,

245 438 324 471 Cum
351 438 394 470 sis
421 441 526 471 mater
549 440 740 472 miserorum

244 486 412 519 Medicina
438 490 469 518 et
497 495 635 530 reorum,

187 594 219 626 2.
246 591 328 624 Dele
352 593 384 624 in
409 601 470 632 me,
497 593 582 632 quod
609 593 752 635 peccavi,

243 639 289 672 Et
313 641 413 673 reduc
439 649 498 682 me,
526 649 598 672 nam
627 641 742 683 erravi⁷

245 688 337 721 Viam
364 692 485 720 rectam
511 696 571 720 nec
596 697 783 729 agnoscens,

247 736 368 768 Precor
392 741 435 776 te,
463 736 506 768 sis
532 737 610 768 mihi
637 745 771 776 poscens

187 844 219 876 3.
247 843 380 874 Veniam
407 842 448 873 ad
475 845 563 873 tuum
589 846 710 881 natum,

245 891 349 922 Iesum
377 890 538 922 Christum
565 891 766 922 vulneratum

245 939 308 971 Pro
334 947 384 969 me
410 938 467 969 vili
493 941 524 968 et
550 937 692 978 indigno.¹

246 986 336 1018 Duro
363 986 460 1018 fixum
484 986 588 1018 crucis
615 986 710 1026 ligno,

183 1095 216 1127 4.
244 1093 378 1125 Passum
405 1092 438 1123 in
463 1091 660 1123 humanitate

244 1140 289 1172 Et
314 1149 376 1172 non
402 1140 434 1171 in
461 1139 640 1173 divinitate.

248 1188 392 1229 Imploro
415 1191 458 1226 te,
487 1187 577 1227 virgo
604 1188 708 1226 beata,

248 1237 292 1270 Ut
319 1236 363 1268 sis
389 1235 467 1267 mihi
493 1244 620 1276 semper
646 1240 748 1276 grata.

883 349 913 379 5.
941 346 1111 378 Advocata
1136 350 1171 378 tu
1198 346 1331 387 vocaris,

939 394 1002 426 Pro
1030 403 1079 431 me
1103 393 1188 426 bona
1214 398 1290 425 tuuc
1315 393 1468 433 loquaris,

942 441 1019 473 Cum
1047 441 1143 473 iudex
1170 441 1325 473 iudicabit

939 489 983 520 Et
1010 497 1119 520 omnes
1146 489 1321 523 revocabit.

907 618 914 626 .
941 594 1031 626 Tunc
1058 602 1107 624 me
1134 594 1257 626 salvum
1283 597 1315 624 et
1341 601 1487 625 securum

940 642 1066 674 Facias.
1094 651 1134 673 ne
1163 642 1295 673 verbum
1322 641 1436 673 durum

939 689 1078 721 Audiam
1105 699 1124 721 a
1150 698 1244 721 causa
1271 689 1365 720 dicti:

941 739 989 769 Ite
1019 734 1049 779 [a
1076 735 1152 780 me]‚
1179 737 1353 778 maledicti,

903 869 910 877 .
939 842 1001 874 Sed
1029 842 1134 881 potius
1161 843 1244 882 quod
1273 842 1398 873 dicetur

937 891 1044 931 Iustis,
1073 891 1202 929 quando
1228 889 1391 922 dividetur

938 938 1100 978 Optimum
1127 948 1145 969 a
1172 938 1310 977 pessimo

938 986 989 1018 Ab
1017 989 1148 1018 aeterno
1176 986 1325 1019 Domino.

902 1117 909 1124 .
937 1091 1007 1123 Hoc
1022 1095 1152 1130 praesta
1166 1091 1254 1126 mihi,
1270 1091 1370 1121 virtus
1381 1090 1493 1130 patris,

937 1139 985 1171 Ob
1011 1147 1151 1170 amorem
1178 1143 1251 1169 tuae
1277 1138 1400 1178 matris,

937 1188 1024 1227 Quae
1050 1190 1082 1217 te
1109 1187 1271 1219 Christum
1299 1185 1482 1225 parturivit,

935 1236 1107 1274 Postquam
1134 1235 1173 1266 ab
1201 1235 1313 1274 angelo
1341 1234 1463 1265 audivit

630 1341 747 1373 Procul
772 1341 857 1372 omni
884 1340 1031 1373 fallacia:

629 1391 710 1428 Ave,
738 1389 834 1429 plena
859 1390 954 1430 gatia.

249 1495 368 1523 Collect.
392 1503 444 1521 ms.
461 1494 680 1522 Lunaelacense
702 1502 778 1520 saec.
796 1491 839 1522 16
875 1493 944 1521 Cod.
961 1492 1165 1520 Vindobonen.
1181 1490 1264 1519 4100.
1288 1506 1323 1509 —
1349 1490 1372 1523 1
1396 1491 1495 1518 lLies

1374 1528 1496 1549 -OJ

169 1534 242 1567 Ave,
264 1535 391 1570 reg-ma?
412 1548 449 1553 ——
474 1532 498 1565 1,
522 1531 540 1558 2
560 1534 630 1560 Lies
647 1533 671 1560 O
694 1533 814 1559 domina
836 1532 1026 1567 angelorum!
1050 1545 1082 1549 -
1106 1531 1132 1563 2
1155 1530 1171 1558 2
1195 1532 1234 1559 Ut
1255 1530 1351 1557 reduc
1432 1549 1457 1562 Η,
1479 1543 1497 1556 ‚,

167 1582 205 1600 ne
230 1581 402 1609 agnoscens
431 1587 465 1590 —
491 1553 519 1604 3,
551 1572 570 1599 4
596 1573 694 1604 Dura3
723 1571 811 1597 fixum
839 1569 920 1598 fehlt.
949 1585 986 1588 —
1012 1569 1045 1601 4,
1073 1568 1091 1596 2
1112 1571 1230 1598 deitate
1259 1584 1295 1588 ——
1324 1568 1357 1600 5
1387 1568 1405 1595 ’ἶ
1427 1570 1496 1596 Lies

168 1611 294 1646 Quando
316 1611 426 1638 iudex?
448 1625 482 1629 -
505 1609 532 1642 7,
556 1610 568 1638 1
592 1610 649 1638 Sed
671 1610 716 1637 fac
737 1611 844 1645 potius.

611 1762 668 1793 175.
711 1761 753 1792 De
776 1760 872 1792 Beata
894 1759 994 1790 Maria
1015 1759 1049 1790 V.

571 1862 626 1895 R⁰
652 1861 767 1894 Funde
793 1871 906 1901 preces
930 1861 963 1892 in
991 1860 1097 1898 caelis,

645 1910 762 1949 Maria,
789 1910 884 1942 stella
908 1909 1016 1942 maris.

182 2023 215 2055 1.
244 2020 387 2053 Remove
414 2019 477 2050 cito
503 2021 647 2059 peccata,

245 2068 344 2101 Unde
368 2071 444 2100 vota
469 2067 534 2098 sint
560 2069 651 2106 grata

244 2117 455 2156 Omniumque
480 2114 617 2156 prolata,

292 2165 410 2206 Maria,
436 2163 531 2195 stella
557 2162 666 2194 maris.

178 2274 212 2305 2.
236 2271 262 2305 Ο
291 2271 354 2304 Dei
378 2269 561 2309 benedicta,

241 2318 295 2352 Ab
322 2318 436 2359 angelo
461 2317 525 2349 iam
553 2317 640 2349 dicta

241 2368 288 2401 Et
311 2368 344 2399 in
371 2366 470 2399 caelis
497 2365 670 2405 descripta,

288 2415 406 2458 Maria,
435 2413 531 2446 stella
556 2413 664 2446 maris.

878 2018 908 2050 3.
938 2016 1015 2048 Alta
1042 2015 1126 2047 unda
1155 2015 1315 2046 caelorum

936 2065 979 2096 Et
1005 2064 1102 2095 decus
1127 2064 1323 2104 angelorum,

936 2112 1024 2145 Audi
1050 2120 1163 2151 preces
1189 2116 1405 2152 peccatorum,

985 2160 1101 2200 Maria,
1130 2161 1223 2192 stella
1248 2160 1355 2193 maris

876 2269 908 2301 4.
936 2267 985 2299 Tu
1010 2269 1078 2297 tota
1104 2275 1137 2297 es
1163 2264 1313 2303 formosa,

934 2315 984 2347 Tu
1010 2317 1077 2345 tota
1103 2315 1258 2355 speciosa.

935 2364 983 2396 Tu
1009 2366 1077 2393 tota
1102 2363 1253 2404 gratiosa,

985 2410 1101 2453 Maria,
1129 2410 1224 2442 stella
1250 2410 1358 2442 maris,
