1651 2680
685 111 945 146 -213—

594 252 654 282 163.
698 253 738 283 De
760 251 857 283 Beata
879 252 978 283 Maria
999 253 1033 283 V.

185 341 218 373 1.
245 340 271 373 Ο
298 341 408 380 regina
433 340 588 382 paradisi,
881 344 911 375 2.
939 343 964 374 Ο
992 352 1104 374 serena
1130 341 1224 372 stella
1249 341 1356 381 maris,

294 393 397 420 mater
423 387 555 429 Christi,
583 389 722 430 ¹domina,
988 399 1061 429 spes
1093 393 1274 421 sanctorum
1302 388 1472 427 hominum,

245 436 334 475 Quae
360 445 430 468 cum
458 436 547 467 eaelo
574 437 722 476 gloriaris
941 441 1027 476 Quae
1054 447 1087 468 es
1113 437 1276 479 lumen-et
1302 437 1432 467 lucerna

293 493 390 524 super
417 484 497 515 caeli
523 484 641 526 sidera,
987 489 1190 525 peccatorum
1217 484 1365 521 omnium,

247 532 445 565 Conservare
472 541 522 562 me
548 532 681 572 dignare
939 534 1080 564 Mentem
1107 540 1208 564 meam
1234 532 1286 562 hic
1311 530 1449 562 informa

295 590 408 620 purum
437 583 548 611 contra
575 580 718 619 crimina,
988 581 1029 612 ad
1056 580 1225 612 amandum
1251 579 1430 619 Dominum,

248 628 298 660 Ne
323 628 446 668 antiqui
472 628 593 658 inimici
941 629 982 660 Ut
1009 629 1143 668 implere
1169 636 1295 666 semper
1323 627 1440 666 possim

297 677 402 708 vincat
427 685 477 706 me
504 674 646 708 fallacia.
987 677 1053 707 cius
1080 675 1324 714 beneplacitum.

227 771 388 799 collectan.
415 780 467 798 ms.
492 771 594 797 incert.
623 772 688 806 orig
725 779 800 798 saec·
832 769 875 797 15.
918 770 987 797 (jod.
1010 771 1152 797 Oxonieu.
1176 770 1285 796 Canon.
1312 770 1387 795 Patr.
1410 770 1477 796 Lat.

150 809 213 838 225.
237 825 274 829 -—
305 809 334 843 1,
363 809 379 836 7
408 809 537 836 inimica.
568 824 601 827 —
628 807 660 841 2,
695 808 712 835 2
741 810 879 836 omnium.
908 823 944 826 —
972 807 1006 841 2,
1035 808 1051 835 5
1081 817 1174 835 meam
1205 817 1249 834 me
1279 809 1412 834 informa.
1442 821 1477 825 —-

153 850 271 884 „Oratio
299 849 465 884 subscripta
493 847 583 874 habet
607 851 722 874 centum
751 848 815 874 dies
844 846 1072 881 inrlulgontiaef‘
1096 863 1131 867 -
1153 846 1302 873 Abschrift
1328 856 1385 872 von
1408 848 1477 873 Rev.

150 888 188 915 H.
209 889 246 915 M.
270 888 435 915 ssannister.

592 989 651 1019 164.
694 989 735 1019 De
757 989 856 1018 Beata
879 988 978 1018 Maria
1003 989 1035 1018 V.

551 1081 632 1121 Ave,
662 1080 758 1111 decus
785 1079 949 1117 ecclesiae,

553 1127 663 1159 Mater
688 1126 939 1164 misericordiae,

553 1175 655 1215 Virgo
683 1175 770 1206 mitis
798 1177 829 1205 et
855 1174 1002 1214 benigna,

552 1223 628 1255 Sola
654 1223 745 1259 bona.
774 1222 841 1253 sola
869 1222 965 1262 digna

498 1275 529 1304 5.
557 1271 649 1304 Omni
676 1272 770 1303 laude
797 1275 829 1302 et
854 1270 984 1306 honore,

554 1320 650 1352 Omni
677 1320 747 1351 loco
774 1322 805 1349 et
832 1322 986 1359 tempore,

557 1368 653 1400 Omni
680 1368 782 1399 maior
807 1367 981 1407 praeconio

554 1415 712 1455 Omnique
742 1415 916 1447 desiderio.

556 1464 642 1495 Tuas
670 1465 806 1496 virtutes
832 1472 959 1503 canere,

469 1513 522 1545 10.
551 1512 679 1544 Laudes
705 1512 832 1544 auditas
860 1510 966 1542 facere

555 1560 624 1592 Nec
650 1561 721 1600 ipsa
749 1568 810 1591 vox
836 1559 979 1599 angelica

558 1608 630 1640 Nec
656 1614 723 1640 tota
750 1608 851 1648 possit
878 1607 1008 1639 musica.

564 1657 609 1688 Te
636 1665 754 1696 amare,
770 1658 813 1686 'te
839 1655 983 1695 laudare,

558 1704 604 1736 Te
631 1709 703 1744 post
730 1703 891 1736 Christum
917 1704 1080 1743 suspirare

473 1754 529 1785 15.
557 1752 605 1784 Sit
630 1756 740 1784 nostra
766 1752 934 1791 sapientia,

563 1800 610 1832 Sit
637 1800 728 1832 nobis
754 1808 850 1839 super
876 1800 982 1831 omnia

565 1849 636 1881 Tua
659 1849 762 1881 dulcis
788 1849 981 1888 praesentia.

232 1945 314 1972 Orat..
335 1954 389 1972 ms.
409 1945 575 1980 Campense
600 1944 669 1970 anni
694 1941 777 1970 1432.
817 1943 888 1970 (3οό.
910 1943 1119 1970 Darmstadien
1142 1939 1207 1968 521.

593 2087 651 2118 165.
695 2087 737 2117 De
759 2087 857 2117 Beata
878 2085 979 2116 Maria
1001 2085 1035 2115 V.

190 2180 221 2213 1.
250 2180 348 2220 Virgo
374 2179 523 2221 clemens,
553 2178 642 2219 virgo
668 2178 732 2218 pia,
888 2179 918 2209 2.
948 2177 1050 2207 Verus
1073 2174 1132 2207 flos
1159 2176 1364 2218 virginitatis,

248 2228 348 2268 Virgo
375 2227 488 2266 dulcis,
513 2236 532 2259 ο
558 2226 675 2268 Maria,
946 2226 1064 2257 puteus
1092 2224 1290 2267 humilitatis,

251 2276 387 2309 Creator
411 2276 446 2308 in
470 2278 502 2306 te
529 2273 681 2307 formavit
944 2273 1031 2305 Rosa
1056 2271 1172 2304 florens
1197 2272 1393 2312 illuminans„

251 2324 393 2364 Clavem,
420 2323 506 2356 unde
531 2323 688 2355 reseravit
947 2322 1084 2353 Cunctas
1113 2320 1228 2352 sordes
1255 2322 1485 2361 exterminan3‚

249 2373 388 2406 Semitas
413 2371 646 2414 promissionis,
946 2370 1045 2401 Lacte
1072 2373 1125 2401 tuo
1151 2369 1319 2402 nutrivisti

248 2423 411 2455 Aeternae
436 2420 634 2454 salvationis.
945 2418 1126 2451 Pretiosurn
1154 2426 1269 2458 corpus
1291 2419 1423 2452 Christi.
