1651 2680
665 108 924 144 —229-

570 205 631 236 Ad
667 204 1028 246 Completorium.

174 279 205 311 1.
232 277 258 310 Ο
283 277 352 314 lux.
380 282 564 312 sanctorum
589 281 766 321 speculum,

232 325 283 357 Da
309 326 400 358 nobis
426 331 499 367 post
525 328 586 360 hoo
609 329 772 361 saeculum

232 373 278 405 Te
304 374 481 406 sublevatis
509 377 657 408 manibus

231 420 383 454 Laudare
408 423 441 454 in
469 424 673 456 caelestibus.

870 284 902 315 2.
929 283 975 314 Te
1000 290 1123 322 quoque
1148 280 1349 319 benedicere,

929 331 1014 362 Tuas
1041 330 1174 361 virtutes
1201 337 1325 366 canere,

931 378 990 417 Da,
1018 378 1104 410 Deus
1130 377 1336 413 exercituum,

932 426 1111 458 Laudemus
1138 426 1168 455 in
1195 427 1395 464 perpetuum.

585 512 616 544 3.
640 510 708 542 Deo
735 517 844 542 nostro
872 521 930 551 per
956 512 1071 544 omnia.

211 593 292 620 Orat.
319 602 372 620 mS.
394 593 492 620 Vallis
518 593 684 631 Iocosas²['?l
711 604 786 623 saec.
818 595 861 623 15.
910 596 979 624 Cod.
1007 597 1154 624 Labaceu.
1183 594 1228 622 45.
1262 612 1300 616 —
1329 597 1373 623 Ad
1395 597 1466 623 Mat.

138 631 166 665 1,
188 630 206 660 3
227 631 402 659 Psallentes.
425 647 462 651 —
483 632 528 659 Ad
550 633 642 660 Laud.
665 631 698 665 2,
721 632 739 660 2
759 634 906 669 Hymnus.
929 650 965 653 —
987 635 1031 662 Ad
1054 636 1127 662 Non.
1153 632 1175 664 1,
1201 632 1213 660 1
1237 638 1305 662 sunt
1326 635 1406 662 fehlt.

137 670 161 699 1.
182 670 200 699 :3
221 671 335 697 iuvant.
356 685 393 688 —
415 671 459 697 Ad
481 671 570 707 Vesp.
592 670 619 701 2,
640 671 658 699 4
682 674 742 698 tua.
763 687 801 690 —
822 672 851 705 3,
871 672 889 700 :3
910 677 938 701 te
960 673 1041 701 fehlt.

643 784 703 816 179.
746 785 788 815 De
809 785 972 816 Paradiso.

177 867 206 897 1.
235 863 383 895 Paradisi

283 920 417 943 amoena
443 912 541 951 regio,

235 960 335 998 Quam
362 960 509 999 possedit

281 1007 442 1047 quondam
469 1008 593 1047 primus
620 1009 713 1040 homo

176 1192 208 1223 2.
234 1191 272 1222 Iu
298 1193 331 1220 te
355 1189 426 1222 loca

282 1237 420 1277 pulchra
445 1242 520 1270 suut
546 1239 662 1280 omnia,

235 1285 350 1317 Nullus
376 1286 482 1326 turbo,

282 1335 394 1374 procul
421 1339 495 1366 sunt
521 1335 642 1377 nubila,

234 1382 322 1415 Clari
348 1383 428 1422 dies,

282 1439 396 1463 secura
422 1437 580 1471 tempora.

175 1519 207 1552 3.
233 1517 269 1549 In
297 1522 328 1548 te
354 1517 479 1557 spirant

282 1565 381 1597 odore
406 1566 562 1606 gramina,

232 1613 338 1646 Rubet
365 1623 448 1653 rosa,

282 1662 449 1694 albescunt
475 1663 554 1704 lilia,

231 1711 274 1742 Et
299 1710 431 1743 arbusta

280 1758 481 1798 profundunt
509 1759 665 1791 balsama.

173 1848 206 1880 4.
233 1846 372 1878 Pulcher
397 1846 521 1886 hortus,

278 1895 402 1926 mellita
424 1893 567 1933 flumina,

231 1942 332 1975 Sonat
357 1952 437 1974 aura

277 1991 359 2023 lenis
387 2000 446 2031 per
471 2000 614 2031 nemora,

229 2039 280 2072 Ibi
305 2038 402 2071 flores

279 2093 311 2120 et
335 2088 420 2120 mala
446 2088 575 2128 punica.

170 2179 202 2212 5,
230 2175 408 2208 Duodecim

280 2226 437 2255 exornant
459 2222 586 2263 lapides

230 2273 347 2304 Portas
373 2271 463 2303 urbis

277 2329 352 2352 suas
378 2328 438 2360 per
463 2318 599 2359 species,

229 2369 315 2409 Quos
341 2377 404 2400 non
430 2367 524 2400 radet

278 2425 434 2449 annorum
460 2415 573 2448 series.

873 869 903 898 ω’.
931 868 967 898 ln
994 867 1131 899 sublime

978 917 1058 946 muri
1086 914 1250 949 divinitus,

932 962 985 993 Nil
1014 963 1168 994 debentes

979 1011 1124 1042 humanis
1151 1009 1287 1051 artibus,

935 1059 1014 1090 Sunt
1040 1062 1223 1089 constructa

983 1107 1062 1137 vivis
1090 1106 1263 1144 lapidibus.

876 1192 905 1224 7.
933 1192 1189 1224 Fundamentum

980 1241 1083 1279 primo
1110 1238 1294 1271 fundamine

932 1288 989 1319 Est
1016 1287 1183 1320 fundatum

979 1337 1147 1375 praeclaro
1174 1336 1310 1375 iaspide,

929 1384 1096 1424 Saphyrus
1123 1387 1171 1414 est

976 1433 1135 1464 secundus
1162 1432 1285 1462 ordine.

873 1519 905 1550 8.
933 1519 1145 1558 Subsequitur

980 1567 1053 1598 hinc
1080 1566 1315 1601 chalcedonius,

931 1616 1069 1654 Quartus
1093 1615 1186 1647 adest

980 1663 1168 1704 smaragdus
1195 1664 1347 1703 optimus,

931 1712 1007 1743 Post
1034 1713 1197 1752 sardonyx

977 1764 1073 1800 atque
1099 1760 1280 1792 sardonius.

872 1847 903 1878 9.
932 1846 1157 1886 Clirysolithus

979 1895 1010 1925 in
1036 1895 1107 1926 loeo
1133 1895 1269 1933 septimo

931 1943 1073 1974 Irradiat

979 1990 1103 2031 fulgore
1130 2000 1236 2030 aureo,

931 2039 973 2070 Et
1000 2039 1143 2079 beryllus

980 2091 1027 2118 est
1053 2096 1123 2119 cum
1150 2087 1287 2126 topasio.

850 2174 903 2206 10.
931 2174 1188 2214 Chrysoprassus

979 2223 1104 2253 exsistit
1131 2221 1284 2262 decimus,

929 2271 971 2302 Et
998 2270 1168 2310 iacynthus

977 2319 1069 2350 adest
1095 2327 1289 2358 purpureus,

927 2367 1136 2407 Amethystus

975 2420 1047 2455 post
1074 2415 1293 2449 duodecimus.
