1651 2680
181 217 186 223 .
214 191 263 222 Tu
287 191 441 222 virtutum
469 199 502 221 es
529 199 603 221 area

215 238 307 276 Vere,
335 241 409 268 nata
434 238 601 276 Caesarea,

261 285 286 316 O
313 284 409 316 decus
436 285 620 325 humilium,

213 332 319 373 Stirpe
346 341 480 372 namque
508 337 686 372 procreata,

212 380 367 412 Castitate
393 380 574 419 phalerata.

262 428 431 459 Parentum
458 428 651 460 sublimium.

160 544 183 573 ⁷.
212 542 237 573 Ο
263 551 371 582 quam,
399 543 498 581 virgo,
526 543 606 573 ruda
633 542 731 573 multa

216 590 379 621 Pertulisti
405 590 451 620 sic
476 589 602 621 suffulta

262 638 359 669 Sacro
386 638 444 668 sub
471 637 665 673 umbraculo,

212 685 304 716 Nunc
331 694 349 715 a
377 685 480 716 doctis
507 690 535 716 et
564 685 718 716 mirandis

213 733 316 764 Datur
342 732 402 763 tibi
429 733 531 764 honor
556 732 687 772 grandis

260 780 375 820 Sponsi
403 781 608 812 adminiculo.

179 918 185 925 .
210 894 235 924 Ο
263 897 339 933 quot
364 894 446 925 bona
471 895 661 932 impetrasti.

211 942 309 972 letum
337 942 426 972 ensis
455 943 527 973 dum
556 942 708 981 spectasti

261 989 422 1021 Praesidis
448 989 607 1030 Fabricii3

210 1037 338 1067 Mulieri
365 1037 504 1075 parienti

210 1084 330 1115 Nomen
358 1089 447 1115 tuum
474 1086 634 1116 invocanti

258 1132 362 1163 Datur
387 1141 460 1171 spes
487 1133 630 1164 remedii.

177 1272 183 1278 .
211 1246 255 1278 Ut
280 1250 472 1285 postremum
500 1245 656 1286 infamati,

212 1294 405 1333 Paupertate
430 1295 597 1334 adgravati

259 1342 295 1373 In
322 1343 481 1380 praesenti
508 1342 634 1372 saeculo

208 1388 317 1419 Sciant
344 1388 406 1419 sibi
434 1389 629 1419 assistricem

211 1437 415 1474 Celeremque
444 1437 632 1468 adiutricem

257 1483 375 1523 Quovis
401 1484 432 1514 in
460 1484 612 1523 periculo.

778 94 846 129 254
868 90 869 93 '

867 192 897 222 9.

845 545 896 574 10.

844 895 897 926 11.

924 191 967 222 Et
988 189 1020 222 in
1046 190 1108 222 fine
1134 199 1209 222 suae
1235 190 1331 229 vitae,

925 238 1051 280 Omnes,
1078 248 1164 279 rogo,
1191 238 1251 269 hoc
1276 235 1386 269 audite

972 286 1120 320 Colentes
1145 286 1339 326 memoriam,

925 334 1040 365 Veram
1067 334 1174 365 cordis
1199 333 1415 374 punctionem,

925 382 1129 413 peccatorum
1155 381 1328 413 tersionem

973 431 1050 462 Post
1075 429 1116 461 ad
1143 429 1208 470 poli
1235 429 1379 469 gloriam.

925 544 950 575 Ο
976 551 1072 574 suave
1097 547 1185 574 tuum
1211 551 1325 573 nomen

929 590 1028 622 Nobis
1045 594 1187 630 praestet
1210 599 1269 629 per
1285 594 1327 627 te,
1352 590 1469 630 Amen,

969 637 1057 670 Mala
1082 642 1197 669 cuneta
1222 636 1343 678 fugere,

925 685 968 718 Ut
993 687 1148 717 concedat
1175 684 1268 716 fidem
1295 688 1415 716 rectam

926 733 1160 773 Caritatemque
1186 732 1374 774 perfectam,

972 781 1036 820 Spe
1061 790 1220 821 nunqnam
1247 779 1396 812 deficere.

924 894 1149 926 Eucharistiae
1175 893 1329 925 ducamen

925 943 1043 974 Contra
1069 942 1169 973 hostis
1195 942 1397 973 obluctamen

972 990 1075 1029 Larga
1103 990 1156 1021 det
1183 990 1319 1023 devotio.

921 1037 991 1068 Hoc
1017 1037 1194 1077 condonet,
1222 1038 1276 1077 qui
1302 1041 1350 1069 est
1374 1046 1467 1077 unus,

924 1085 1005 1116 Vere
1029 1094 1151 1124 quoque
1177 1089 1282 1116 exstat
1306 1085 1419 1123 trinus,

970 1132 1051 1164 Aevi
1077 1137 1164 1164 stans
1192 1133 1343 1165 causatio.

886 1273 891 1279 .
921 1248 1022 1279 Huius
1050 1247 1148 1278 virtus
1175 1246 1309 1285 infinita,

919 1296 986 1334 Qua
1012 1299 1145 1333 paratur
1171 1294 1262 1325 nobis
1289 1295 1354 1325 vita

964 1343 1007 1374 Et
1033 1343 1155 1373 cunctis
1181 1341 1221 1372 ab
1248 1341 1392 1383 exordio,

919 1390 1096 1421 Clementia
1118 1399 1181 1421 non
1207 1388 1326 1426 fabilis,

918 1438 984 1469 Ens
1011 1437 1344 1477 incomprehensibilis

941 1485 1038 1516 Teste
1063 1494 1155 1516 sacro
1181 1485 1315 1524 eloquio.

228 1598 307 1623 Orat.
331 1605 379 1622 ms.
404 1596 431 1622 S.
454 1597 532 1623 Petri
555 1598 754 1632 Salisburgeu.
777 1606 851 1625 saec.
879 1597 920 1625 15.
962 1597 1031 1625 cod.
1048 1598 1158 1625 Petrin.
1179 1606 1196 1623 a
1212 1598 1253 1623 IV
1274 1596 1320 1625 39.
1343 1611 1378 1616 —
1400 1597 1427 1631 6,
1447 1596 1466 1624 2

151 1635 313 1661 Protulisti.
335 1649 371 1653 —
397 1633 437 1667 ll,
461 1634 478 1661 -5
500 1635 542 1660 ve
567 1644 690 1670 quoque.
714 1650 748 1654 ——

571 1842 634 1872 214.
677 1843 717 1872 De
738 1846 848 1873 sancta
871 1843 1035 1874 Dorothea.

155 1954 184 1985 1.
211 1952 290 1993 Ave,
321 1951 408 1991 virgo
434 1951 606 1989 Dorothea‚

211 1999 274 2031 Cor
300 1999 451 2030 mundum
479 2000 511 2030 in
538 2008 587 2030 me
614 2008 696 2038 crea,

212 2047 314 2078 Vitam
344 2043 475 2091 [meam]
504 2046 550 2077 sic
576 2046 728 2086 guberna,

211 2094 296 2126 Tuus
322 2099 356 2126 ut
382 2095 439 2125 sim
468 2095 582 2133 dignus
608 2103 716 2132 verna,

864 1953 893 1985 2.

259 2143 366 2182 Ignem
394 2143 434 2174 da
460 2143 561 2174 sancti
587 2142 775 2183 pneumatis,

212 2190 256 2222 Ut
282 2199 319 2221 ex
346 2194 412 2221 toto
438 2190 534 2222 corde
560 2199 671 2229 queam

210 2238 307 2277 Spem
332 2240 363 2268 te
390 2238 583 2277 singularem
608 2247 710 2269 meam

212 2286 249 2317 In
276 2287 438 2326 praesenti
465 2286 648 2318 collaudare

211 2334 397 2373 Possimque
423 2334 481 2365 tibi
511 2333 682 2365 decantare

259 2382 362 2414 Melos
388 2383 494 2414 sonori
519 2382 686 2414 neumatis.

921 1952 946 1984 O
984 1951 1073 1991 virgo
1099 1953 1257 1994 virginum
1283 1954 1465 1998 praeclara,

920 2000 1006 2038 Quae
1031 2005 1189 2032 tormenta
1215 2005 1278 2032 tam
1305 2011 1424 2041 amara,

920 2047 1089 2079 Ferventis
1115 2048 1178 2080 olei
1203 2049 1308 2080 vicisti

920 2095 961 2126 Et
988 2095 1100 2127 illaesa
1126 2096 1263 2136 exivisti,

967 2143 1022 2175 Me
1049 2144 1088 2174 de
1114 2145 1254 2183 peccatis
1280 2145 1377 2186 erige.

921 2192 946 2223 O
973 2191 1079 2223 votiva
1104 2201 1178 2231 spes
1203 2192 1376 2232 lapsorum,

921 2242 1009 2278 Quae
1032 2247 1091 2278 per
1116 2248 1229 2272 manus
1255 2242 1442 2281 angelorum

920 2287 965 2318 Es
991 2288 1023 2319 in
1050 2295 1179 2320 carcere
1204 2289 1336 2330 nutrita,

920 2335 974 2366 Me
1001 2333 1073 2367 fove
1099 2345 1181 2367 nunc
1207 2336 1238 2368 in
1264 2337 1325 2369 hac
1350 2337 1428 2380 vita,

969 2383 1105 2415 Gressus
1130 2393 1216 2416 meos
1243 2385 1357 2426 dirige.

1628 87 1651 122 μῖ
1589 0 1647 77 ’id
