1651 2680
705 59 941 95 *64-

357 150 406 182 42.
448 150 490 181 De
512 150 733 182 lucarnatione
754 150 869 184 clu-isti
890 152 1057 184 secundum
1078 152 1289 194 alphabetum.

177 232 212 266 1.
237 228 342 264 Amor
367 240 461 262 verus
486 232 591 262 omnia

284 279 400 312 Potest
426 287 588 318 superare,

237 324 400 360 Bellorum
427 327 591 358 saevitiam

286 375 376 406 Valet
405 373 580 414 refrenare,

237 420 344 456 Corda
371 422 619 454 discordantium

286 471 339 503 Sic
365 471 554 511 coadunare,

237 515 381 552 Duorum
408 522 529 550 mentes
554 518 713 550 hominum

283 567 378 598 simul
404 566 610 600 concordare.

238 611 324 655 Ergo
351 614 475 646 salvare

285 662 339 702 qui
365 671 399 693 se
425 662 503 702 vult,
532 662 632 693 discat
659 670 777 694 amare.

180 749 212 782 2.
240 745 410 780 Factorem
436 748 487 779 hic
513 748 650 779 omnium

285 805 372 828 amor
397 795 573 833 inclinavit,

240 840 401 876 Grandem
429 852 561 883 parvum
587 843 656 874 fieri

290 896 401 923 auctor
426 892 620 931 procuravit,

240 936 306 971 Has
332 940 415 970 inter
441 939 585 970 miserias

284 987 386 1026 ipsum
414 987 592 1028 collocavit,

240 1032 279 1067 In
306 1034 408 1074 patris
435 1036 487 1074 qui
515 1036 647 1066 dextera

286 1086 399 1113 cuncta
425 1081 625 1123 gubernavit,

237 1126 427 1162 Katholicos
453 1130 531 1161 lavit

285 1187 304 1209 a
339 1178 480 1218 crimine,
515 1187 593 1217 quos
619 1177 791 1209 adamavit.

854 233 884 267 3.
912 229 1052 266 Lubrica
1077 242 1111 265 se
1136 233 1235 265 voluit

959 281 1048 313 indui
1074 285 1198 321 natura,

912 325 1092 361 Mandanae
1117 329 1171 369 qui
1197 328 1362 361 machinae

959 376 1045 408 solus
1070 380 1158 409 tenet
1182 377 1264 418 iura,

913 420 980 456 Nec
1004 434 1067 456 non
1093 425 1182 456 cuius
1206 425 1329 464 regitur

957 472 1079 504 caelum
1104 473 1299 512 praelatura,

912 516 1007 552 Orbis
1034 518 1138 551 faetor
1163 528 1278 551 carnea

959 567 1077 606 tegitur
1102 567 1214 606 figura,

910 611 1018 647 Patris
1043 615 1096 654 qui
1118 624 1200 656 pura

959 666 1063 694 tamen
1090 666 1164 694 ante
1190 660 1249 694 fuit
1275 662 1434 701 genitura.

877 773 884 780 .
914 746 1013 786 Quem
1040 757 1101 779 non
1128 751 1233 787 potest
1259 748 1396 780 ambitus

962 795 1111 827 claudere
1137 797 1307 835 caelorum,

914 840 963 876 Re
990 844 1136 875 miranda
1162 844 1304 885 gignitur

959 896 1089 931 praeter
1114 891 1174 923 viri
1201 891 1336 932 thorum,

915 935 1036 970 Stricto
1061 939 1131 971 loco
1157 939 1286 978 ponitur

965 987 1115 1027 princeps
1141 986 1334 1028 angelorum,

914 1031 1034 1067 Tamen
1062 1035 1123 1065 erit
1148 1035 1248 1066 inscia

959 1083 1098 1114 omnium
1125 1082 1269 1114 dolorum

913 1126 1024 1171 Virgo,
1052 1128 1108 1161 flos
1134 1128 1255 1171 florum,

959 1178 1088 1217 pariens
1100 1178 1260 1209 dominum
1272 1177 1483 1211 dominorum.

539 1266 568 1295 5.
598 1260 729 1296 Xristus
755 1263 837 1294 hanc
860 1262 1048 1294 mortalibus

636 1319 713 1349 prae
742 1311 864 1342 cunctis
890 1311 995 1351 elegit,

589 1355 715 1396 humo,
743 1367 821 1398 quos
847 1364 1022 1396 creaverat,

639 1407 760 1437 cunctis
787 1407 972 1448 praeelegit,

588 1451 689 1493 Zyma
715 1454 814 1485 hostis
841 1455 974 1485 tollitur.

637 1511 699 1541 quo
725 1502 877 1533 mundum
901 1502 1036 1543 subegit,

590 1550 633 1581 Et
659 1551 725 1580 eius
752 1550 905 1590 potentia,

638 1606 697 1636 per
722 1606 814 1637 quam
842 1607 898 1628 nos
925 1597 1041 1641 abegit,

595 1645 828 1677 Commiserans
856 1644 953 1686 fregit

640 1693 785 1724 Christus
811 1702 869 1725 nos
895 1697 990 1732 atque
1015 1694 1152 1734 redegit.

245 1778 366 1806 Collect.
392 1787 444 1806 ms.
466 1778 643 1806 Stiriacense
669 1788 744 1806 saec.
773 1777 816 1806 15.
846 1779 915 1806 cod.
938 1779 1094 1809 Stiria-cen.
1121 1781 1152 1807 L.
1180 1779 1217 1809 26
1241 1777 1277 1816 [ε.
1299 1777 1340 1816 n.]
1366 1795 1400 1799 —
1419 1778 1445 1807 2.
1470 1779 1484 1806 l

167 1826 211 1853 sq.
233 1819 361 1844 omnium
384 1826 465 1844 amor
486 1817 532 1843 hic
554 1818 718 1844 inclinavit.
740 1831 776 1836 —
799 1816 824 1850 2,
849 1815 866 1843 9
886 1818 1068 1846 Katholicas.
1092 1835 1127 1839 —
1149 1817 1175 1852 3,
1200 1818 1218 1846 4
1239 1823 1329 1846 tenes.

564 1939 613 1970 43.
653 1940 695 1971 De
717 1938 937 1970 lucarnatione
960 1940 1090 1972 Domini.
1138 1959 1143 1964 ·

182 2021 214 2054 1.
242 2019 325 2053 Dum
352 2020 410 2051 sub
437 2021 546 2052 mundi
573 2029 704 2060 vespere

286 2068 364 2100 Dies
390 2069 562 2100 inclinatus

237 2116 291 2149 Ad
317 2124 463 2148 occasum
490 2124 621 2155 vergere

285 2164 352 2196 Iam
379 2168 462 2195 esset
488 2168 631 2204 paratus,

237 2211 349 2244 Novae
374 2211 454 2243 lucis
479 2211 587 2244 sidere

286 2260 426 2292 Mundus
451 2259 628 2292 illustratus

240 2307 356 2350 Coepit
379 2316 607 2348 recognoscere

285 2356 416 2388 Veteres
443 2359 562 2388 reatus.

869 2022 900 2054 2.
927 2020 1006 2060 Legi
1033 2022 1106 2053 dum
1132 2021 1307 2062 antiquitas

975 2069 1070 2100 Esset
1095 2069 1274 2109 subiugata,

927 2115 1093 2156 Regnabat
1120 2117 1271 2156 iniquitas

978 2164 1059 2196 Fide
1084 2165 1224 2196 nondum
1250 2170 1336 2206 nata,

924 2211 1102 2244 Descendit
1127 2212 1280 2245 divinitas

972 2261 1024 2292 Ad
1051 2269 1108 2292 nos
1135 2260 1288 2302 calceata,

924 2307 987 2340 Per
1015 2318 1109 2348 quam
1134 2309 1243 2341 mundi
1269 2310 1407 2344 caecitas

974 2356 1033 2388 Est
1057 2356 1247 2390 illuminata.
