1651 2680
225 187 258 220 3.
285 183 448 221 Gontectis
475 187 592 228 plumis

283 235 452 268 Concussit
476 245 609 277 pennas,

285 283 398 316 Gauda
423 288 570 315 coruscat

283 331 397 364 Colore
424 330 562 372 fulgens,

282 380 420 413 Cautum
446 380 577 418 emittit,

283 427 412 459 Cunctis
439 429 617 467 praecellit.

224 524 256 556 4.
283 520 405 556 Dilatat
432 533 514 562 pavo

281 571 396 611 Dignis
422 572 594 611 triumphis

281 618 428 651 Diversis
456 620 559 650 modis

281 667 353 698 Duo
378 668 409 698 in
438 667 516 698 rotis

283 714 332 746 De
358 714 467 755 parvis
493 714 644 747 membris

285 762 403 794 Decior
429 763 563 796 cunctis.

223 850 255 882 5.
282 846 438 882 Extrema
465 849 517 880 die

282 898 455 929 Extinctus
481 897 558 933 sole,

282 945 422 977 Excelsa
445 945 563 977 subcus

281 993 410 1026 Evadat
436 993 531 1033 mala,

282 1040 470 1072 Extendens
497 1041 613 1080 plumis

282 1089 399 1120 Evolat
425 1089 565 1121 summis.

222 1177 254 1210 6.
284 1172 392 1208 Fortis
418 1178 580 1215 acceptor,

280 1223 420 1255 Firmior
447 1231 538 1263 pavo,

281 1271 435 1302 Ferocem
461 1270 529 1301 sive

283 1319 385 1351 Fidus
412 1318 570 1358 despexit,

283 1367 388 1405 Felix,
416 1366 566 1404 invictus,

281 1415 410 1446 Firmus
436 1414 623 1453 permansit.

223 1502 255 1534 7.
283 1497 396 1535 Gloria
421 1500 485 1539 ipsi

281 1548 436 1582 Gaudens
463 1548 589 1587 vicisse,

280 1596 398 1629 Girans
424 1597 457 1628 in
485 1596 582 1638 circo,

281 1645 419 1677 Gestans
444 1645 477 1675 in
504 1645 630 1684 plumis,

280 1692 417 1725 Gavisus
444 1693 528 1724 canit

281 1740 394 1773 Gloria
419 1741 556 1781 pompis.

223 1829 254 1862 8.
282 1825 366 1861 Huic
392 1827 501 1859 volatu

281 1875 421 1916 Hangeli
446 1876 553 1908 vultus

281 1925 424 1957 Honesto
448 1925 554 1964 modo,

281 1973 388 2005 Hilari
415 1972 515 2014 vultu,

281 2021 351 2053 Hoc
377 2025 425 2053 est
450 2021 615 2054 mirandus

280 2070 384 2101 Huius
409 2074 553 2110 aspectu.

220 2157 254 2190 9.
281 2153 321 2190 In
346 2161 472 2195 tempus
500 2157 581 2197 veri,

280 2205 367 2245 Ignis
393 2208 425 2236 et
448 2203 536 2237 floris

280 2253 419 2293 Iungunt
441 2256 592 2294 pennata,

279 2301 421 2334 Invitant
447 2302 579 2343 pascha,

280 2349 422 2382 Invicem
449 2354 564 2382 sonant

279 2398 355 2439 Ipse
383 2403 415 2431 et
439 2408 533 2439 pavo.

262 2456 305 2480 Dr
311 2464 326 2481 ο
332 2464 350 2481 v
356 2464 371 2481 ο
377 2463 400 2487 ε,
420 2457 470 2481 Pia
487 2457 652 2482 Dietamina.

738 90 998 126 —385—

683 2456 744 2480 VII.

917 191 972 224 10.

921 526 976 558 11.

921 850 975 883 12.

917 1175 972 1207 13.

916 1502 973 1534 14.

917 1828 969 1862 15.

916 2156 970 2189 16,

1001 188 1140 230 Largum
1165 187 1228 234 [hi]
1255 191 1410 232 plaudent

1001 238 1135 278 Linguis
1162 239 1333 278 vibrantes,

1000 287 1196 327 Liqueseunt
1221 288 1326 328 melle,

999 335 1109 373 Longe
1135 339 1298 375 sonantur,

998 382 1211 422 Laudantque
1237 386 1374 423 patrem,

1000 430 1093 462 Laeti
1120 439 1277 465 canemus.

1004 523 1119 559 Mirum
1146 527 1300 566 probatur

1002 574 1141 613 Mortua,
1169 575 1273 606 carnis

1000 621 1139 653 Multum
1166 626 1240 661 post
1264 627 1388 660 tempus

999 669 1148 701 Marcida
1174 670 1328 709 linquens,

1000 717 1170 756 Malaeque
1196 725 1321 749 muscae

1000 765 1133 796 Minime
1160 770 1302 805 tangunt.

1001 848 1177 890 Nullusque
1204 855 1326 890 tempus

1003 899 1169 938 Nunquam
1198 899 1334 937 excedit,

1001 946 1179 985 Nullusque
1209 947 1324 977 vermis

999 995 1167 1032 Nunquam
1196 999 1335 1031 voratur,

998 1041 1066 1072 Nec
1091 1042 1173 1072 ullus
1200 1043 1327 1081 quidem

999 1089 1070 1121 Non
1098 1089 1268 1122 invenitur.

1001 1173 1100 1206 Ovum
1129 1176 1242 1217 exitus,

999 1223 1124 1256 Oblitus
1151 1224 1271 1261 nidum,

999 1272 1140 1303 Ornetur
1166 1271 1283 1310 plumis

999 1320 1134 1359 Oportet
1159 1320 1270 1361 cauda,

1000 1367 1101 1399 Obvia
1128 1368 1250 1398 cunctis

1001 1415 1143 1447 Offerens
1172 1415 1265 1448 bella.

1000 1498 1142 1534 Pulchra
1167 1506 1216 1532 est
1240 1502 1349 1533 iuncta

998 1551 1126 1582 Pavone
1152 1559 1268 1590 pugna*

1001 1598 1139 1638 Pergunt
1165 1595 1350 1642 simul[que]

1002 1646 1102 1678 Pedes
1128 1646 1301 1684 vibrantes,

999 1694 1106 1734 Plagis
1133 1695 1273 1725 cruentis

997 1743 1114 1774 Pectus
1141 1743 1321 1773 attendunt.

999 1827 1100 1867 Quam
1127 1828 1260 1867 pulcher
1286 1831 1370 1859 totus

997 1877 1093 1916 Quasi
1119 1876 1278 1915 platanus,

997 1926 1057 1964 Qui
1083 1924 1142 1955 hoc
1169 1925 1274 1956 viatur

998 1976 1095 2012 Quem
1122 1973 1205 2012 quod
1233 1975 1418 2012 gemmatus,

997 2021 1087 2060 Quod
1114 2021 1227 2052 videns
1254 2025 1365 2060 pectus

997 2069 1093 2109 Quasi
1119 2070 1321 2109 zmaragdus,

999 2155 1112 2197 Regali
1137 2156 1201 2187 ritu

998 2204 1130 2237 Rutulet
1156 2213 1247 2246 pavo,

998 2254 1097 2285 Recte
1125 2261 1194 2283 cum
1222 2252 1319 2294 digno

997 2302 1083 2342 Rege
1109 2300 1232 2337 locabo.

996 2348 1109 2390 Regali
1159 2375 1167 2383 .
1219 2377 1227 2385 .

997 2397 1111 2439 Reguli
1137 2401 1217 2431 esto.

1322 2451 1359 2481 25
