1651 2680
685 74 946 111 —316-

690 171 938 199 Posticommunio.

174 221 229 253 21.
256 219 390 259 Sumpta
413 219 572 252 sacrificia

302 272 439 307 tergant,
466 268 550 307 quod
575 267 732 307 peccavit,

256 316 352 348 Cuius
379 316 478 347 virtus
501 315 607 347 comiti

304 364 410 402 donet,
437 372 517 402 quae
542 364 674 404 optavit,

258 411 375 444 Summi
403 412 495 443 dator
520 412 662 454 praemii,

303 469 361 499 pro
387 469 448 499 quo
475 459 649 501 dimicavit,

256 507 326 538 Hoc
351 507 412 538 sibi
439 507 533 539 donet
560 515 627 549 rex,

305 555 388 594 quod
414 554 479 587 fida
501 559 605 587 mente
631 554 768 594 paravit.

858 221 915 252 22.
941 219 1004 250 Per
1028 223 1164 261 patrem,
1190 227 1249 259 per
1274 217 1376 250 filium

989 271 1020 298 et
1046 275 1105 308 per
1129 270 1273 299 sanctum
1299 264 1424 310 flamen,

940 314 1039 356 Deus,
1067 315 1154 347 cuius
1181 315 1288 346 omnia

988 366 1129 395 tremunt
1154 363 1195 395 ad
1221 371 1365 402 examen,

943 411 1058 443 Omnes
1084 412 1186 443 sancti
1212 410 1337 442 comitis

990 460 1090 491 assint
1116 459 1158 491 ad
1183 462 1337 499 tutamen,

943 506 979 538 In
1006 507 1094 546 pacis
1120 506 1228 547 requie

990 554 1170 587 Willelmus
1186 554 1333 586 dormiat.
1359 554 1475 585 Amen.

239 621 307 648 Cod.
326 621 400 648 Coll.
417 622 502 655 corp.
523 621 631 648 Christi
644 621 785 647 Oxonien.
798 618 862 647 232.
875 634 909 639 -
924 618 965 651 10,
977 618 996 646 4
1008 621 1118 647 mortis.
1131 634 1165 638 ——
1184 618 1210 651 6,
1232 618 1249 646 2
1266 621 1326 647 Das
1341 619 1477 655 Evange-

161 659 232 685 lium
253 659 330 685 steht
351 659 420 686 aber
440 659 506 686 Joh.
529 658 554 686 6.
575 674 612 677 —
635 658 683 691 11,
711 657 728 685 6
749 659 924 685 divinorum.
948 673 971 676 —
1004 657 1052 691 16,
1075 656 1092 685 3
1113 659 1302 686 salutaribus.
1324 672 1360 675 —
1383 656 1431 689 21,
1459 656 1479 684 4

161 706 256 733 quam.
281 713 316 717 —
344 696 393 728 21,
420 696 437 724 8
459 706 554 731 quam.
584 711 616 714 —
646 698 735 724 Diese
757 697 853 724 Messe
882 696 953 723 wird
982 696 1151 732 eingeleitet
1177 698 1229 724 mit
1258 697 1314 723 den
1337 697 1476 723 VVorten:

165 736 324 771 „Incipit
350 736 467 762 Missa
498 744 561 769 pro
591 735 788 762 Willelmo
816 732 978 761 comite.“

1036 735 1148 762 Vorher
1175 736 1243 769 geht
1267 734 1341 761 noch
1369 736 1399 761 in
1427 733 1479 761 der

163 776 214 801 Hs.
237 775 302 801 eine
317 773 430 800 Anzahl
451 783 509 800 von
529 775 638 801 Versen
661 773 856 800 erzahlenden
877 773 1019 806 Inhaltes,
1040 773 1086 800 die
1108 782 1155 800 um
1177 770 1210 799 so
1232 773 1313 800 mehr
1329 773 1393 799 hier
1407 773 1477 799 fort-

161 812 286 843 bleiben‚
307 811 352 839 als
373 814 415 838 sie
436 821 491 839 nur
512 814 559 838 ein
580 811 761 839 Bruchstiick
785 813 865 838 eines
885 810 1036 846 grosseren
1049 812 1169 840 Ganzen
1191 820 1226 837 zu
1248 814 1311 838 sein
1328 811 1478 838 scheinen.

163 866 199 869 —
219 849 367 877 Abschrift
389 859 446 877 von
468 851 540 877 Rev.
563 849 601 876 H.
621 850 661 876 M.
683 850 849 877 Baunister.

571 941 638 972 292.
680 943 720 972 De
742 943 849 973 sancto
871 941 1064 973 wolbodone.

179 1005 208 1036 1.
236 1004 316 1039 Ave,
344 1007 436 1042 pater
463 1011 642 1044 egenorum,
865 1004 895 1036 3.

283 1050 443 1082 Wolbodo
469 1050 676 1092 sanctissime,

234 1099 426 1130 Relevamen
452 1097 654 1139 afflictorum,

286 1146 416 1177 Praesul
443 1145 657 1186 devotissime,

234 1194 315 1231 Ave,
342 1202 463 1232 gemma
490 1192 718 1232 confessorum,

283 1240 449 1280 Signorum
477 1241 661 1281 clarissime,

237 1288 315 1326 Spes
341 1293 373 1320 et
398 1289 482 1319 salus
510 1288 742 1328 languidorum,

286 1337 446 1367 Virtutum
474 1335 639 1368 ditissime.

176 1404 195 1434 [ὗ

285 1449 416 1480 Sobrius
441 1452 473 1480 et
498 1448 636 1486 humilis,

234 1497 345 1527 Hostis
374 1495 516 1528 evitabas
543 1500 629 1528 astus

284 1543 407 1583 Spretis
435 1544 500 1575 eius
527 1544 648 1582 iaculis,

237 1592 313 1623 Tuis
337 1599 421 1632 ergo,
449 1600 576 1631 quaeso,
603 1596 713 1630 pastus

283 1639 510 1677 Exemplorum
538 1638 693 1679 formulis,

236 1687 272 1718 In
297 1695 347 1717 me
373 1685 464 1718 frena
490 1687 599 1718 mundi
626 1686 726 1719 fastus

287 1734 408 1767 Pressis
436 1735 539 1766 carnis
565 1734 710 1767 stimulis.

200 1427 208 1434 .
235 1402 363 1433 Dudum
385 1401 538 1440 prudens,
565 1401 646 1441 pius,
676 1405 789 1440 castus,
865 1404 894 1434 4.

922 1003 965 1034 Et
988 1003 1042 1042 qui
1067 1003 1224 1042 quondam
1253 1003 1443 1035 distributor

969 1050 1171 1082 Facultatum
1197 1049 1314 1090 fueras,

922 1098 1119 1137 Pupillorum
1146 1106 1270 1138 quoque
1295 1102 1382 1130 tutor

969 1146 1027 1177 His
1053 1154 1144 1184 opem
1172 1147 1363 1187 contuleras,

920 1192 1013 1232 Mihi,
1040 1202 1127 1232 rogo,
1152 1194 1195 1224 sis
1221 1194 1359 1235 adiutor,

970 1241 1013 1273 Ut
1040 1244 1131 1272 veras
1159 1241 1298 1278 divitias,

922 1288 1040 1327 Quibus
1066 1288 1128 1320 iam
1154 1297 1247 1329 egere
1273 1293 1377 1331 putor,

967 1336 1145 1375 Adquiram
1171 1340 1203 1368 et
1229 1338 1375 1369 caelicas.

921 1403 1014 1434 quta
1039 1402 1190 1441 tumbam,
1217 1412 1279 1442 qua
1305 1404 1429 1435 locatae

968 1449 1085 1482 Sacrae
1110 1455 1184 1481 sunt
1209 1452 1354 1487 exuviae,

921 1497 1087 1529 Inauditae
1113 1503 1186 1529 sunt
1211 1503 1357 1536 patratae

970 1545 1111 1576 Virtutes
1137 1547 1291 1585 eximiae3

921 1592 1004 1624 Illud
1032 1602 1107 1633 ergo
1133 1602 1247 1633 precor
1272 1604 1291 1626 a
1317 1598 1359 1632 te,

968 1640 1022 1671 Me
1046 1646 1151 1672 mente
1177 1645 1207 1673 et
1235 1651 1370 1682 corpore

919 1688 987 1719 Tua
1011 1697 1118 1721 serves
1145 1691 1265 1729 pietate

968 1736 1011 1767 Et
1036 1737 1186 1769 mundum
1211 1747 1229 1769 a
1255 1738 1397 1771 crimine.

501 1804 532 1834 5.
562 1801 617 1834 Pie
643 1803 724 1843 Iesu,
752 1806 862 1841 pastor
887 1802 980 1843 bone,

611 1851 730 1882 Precor
755 1850 949 1889 cordialiter,

561 1897 657 1930 Sacro
685 1899 764 1930 duce
790 1898 992 1930 Wolbodone

607 1946 727 1978 Orante
751 1945 891 1977 suaviter

560 1993 628 2024 Fac
653 1997 833 2024 sanctorum
861 2003 910 2024 me
937 2002 1072 2026 coronae

608 2041 701 2081 Iungi
727 2041 943 2081 aeternaliter,

561 2088 620 2120 Tui
646 2089 752 2120 vultus
778 2088 899 2120 visione

610 2136 710 2167 Potiri
736 2135 887 2169 finaliter.

242 2201 362 2228 Collect.
384 2210 435 2228 ms.
457 2203 486 2229 S.
506 2202 661 2229 Laurentii
681 2200 822 2230 Leodien.
844 2210 919 2230 saec.
934 2200 993 2238 [13.
1010 2201 1055 2230 14.
1071 2200 1129 2240 16.]
1146 2203 1189 2231 15.
1226 2206 1296 2233 Cod.
1311 2207 1480 2236 Bruxellen.

162 2237 316 2266 9598·606.
340 2254 375 2258 —
397 2241 478 2268 Nach
500 2239 526 2271 4,
548 2239 566 2267 4
587 2241 815 2276 eingeschoben:

619 2289 767 2316 Sanitates
788 2292 979 2323 restauratae,

657 2327 819 2363 Propulsae
841 2328 1003 2356 molestiae.
