1651 2680
659 79 914 115 —190—

140 176 195 208 34.
224 175 260 206 ln
284 175 400 206 mundo
419 184 477 214 pro
495 183 556 215 quo
573 184 755 214 pressuram
827 176 884 210 37.
909 176 1014 210 Adest
1037 177 1221 218 angelorum
1247 180 1366 217 coetus,
1413 183 1420 187 “

223 223 272 254 Tu
299 223 476 254 sustinuisti
503 224 626 263 duram,
908 225 952 257 Et
976 225 1067 256 Iesus
1092 225 1232 257 occurrit
1255 224 1370 263 laetus,

223 271 413 311 Martyrium
441 279 535 309 passa
563 269 645 303 forte
911 273 947 305 In
974 273 1103 304 caelesti
1126 273 1241 304 throno
1266 281 1373 304 secum

222 318 314 350 Illius
340 319 511 358 conspecta
537 322 648 350 morte.
908 320 955 352 Te
979 320 1099 359 locam,
1124 325 1161 352 ut
1184 319 1247 352 fuit
1271 328 1417 360 aequum.

141 424 197 456 35.
225 424 329 462 Capta
354 423 451 454 nimio
476 431 631 462 maerore,
830 424 886 457 38.
913 424 1000 455 Inter
1025 426 1128 457 claras
1153 425 1354 466 margaritas,

224 470 372 502 sauciata
399 480 431 502 es
460 471 579 509 dolore,
913 472 950 504 In
977 473 1106 504 caelesti
1132 473 1208 504 sede
1233 474 1321 509 sitas,

225 519 306 550 Dum
334 519 427 550 (lator
452 524 601 550 aeternae
627 519 706 550 lueis
912 519 978 551 Das
1004 519 1159 559 fulgorem
1185 520 1351 561 claritatis,

225 566 389 597 Toleraret
417 575 549 606 poenam
578 567 690 598 crucis
913 567 967 598 Nil
993 568 1112 600 habens
1137 567 1352 600 obscuritatis.

141 670 196 703 36.
225 671 272 701 'l'u
299 671 524 710 assumptionis
551 671 627 702 hora
831 672 885 704 39.
913 671 1030 703 Sancta
1055 672 1101 702 sic
1128 671 1314 713 glorificata,

225 718 425 758 consurgens
451 719 537 750 velut
563 728 688 758 aurora⁷
911 719 1006 750 Dilue
1031 722 1141 750 nostra
1166 723 1309 759 peccata,

227 767 313 798 Sicut
339 767 459 797 cunctis
483 770 529 798 est
549 770 755 807 compertum,
911 767 1038 806 Rogans
1072 776 1177 807 regem
1206 767 1445 809 sempiternum,

225 814 379 846 Mundum
405 814 558 854 relinquis
585 816 755 846 desertum.
913 814 960 845 Ne
987 815 1136 846 cadamus
1163 815 1195 846 in
1220 813 1390 855 infernum,

417 920 471 950 40.
499 919 641 958 Regnum
669 929 729 959 quo
756 918 986 958 possideamus,

501 968 535 998 In
563 977 623 1006 quo
650 975 776 1006 semper
801 967 995 1006 gaudeamus

499 1018 575 1048 Cum
602 1015 779 1055 agminibus
806 1018 986 1046 sanctorum

499 1064 561 1094 Per
587 1064 714 1094 saecula
739 1063 947 1094 saeculorum.

206 1166 324 1192 Collect.
348 1175 399 1191 rns.
415 1168 515 1192 incert.
532 1167 604 1200 orig.
618 1167 775 1196 (Gallicum
784 1168 809 1199 2)
825 1174 899 1192 saec.
915 1163 973 1199 112.
989 1163 1028 1200 et]
1047 1163 1089 1192 13.
1105 1166 1174 1192 eod.
1190 1166 1314 1193 Beruen.
1330 1163 1395 1193 702.
1412 1181 1447 1185 -

129 1205 160 1232 s»,
188 1203 204 1230 ⁴2
225 1212 297 1238 quas
320 1208 474 1239 praesenta
515 1218 548 1222 ὴ-
580 1204 627 1235 19,
658 1204 670 1230 l
699 1208 727 1231 et
748 1205 854 1230 nutrix,
876 1217 914 1221 —
934 1201 985 1233 25,
1016 1202 1028 1229 1
1052 1205 1268 1238 cognovissent.
1291 1219 1327 1222 —
1348 1203 1400 1235 25,
1429 1203 1446 1231 2

129 1243 285 1269 Dominum
315 1251 371 1268 nun
400 1244 569 1269 orm-issent.
592 1257 627 1261 —
649 1242 699 1272 27.
733 1242 742 1268 l
767 1243 915 1277 virginum
937 1242 1046 1276 regina.
1068 1255 1105 1259 —
1126 1241 1177 1272 29.
1207 1240 1224 1268 2
1245 1243 1316 1269 dicit
1337 1244 1386 1270 ita.
1409 1258 1447 1261 —

129 1280 181 1311 36,
202 1280 220 1307 4
249 1281 423 1314 relinquisti.
456 1295 486 1298 —
516 1278 567 1306 40.
600 1281 610 1306 l
634 1283 765 1316 Regnum
793 1289 861 1316 ergo
886 1280 1098 1314 possideamus.
1119 1294 1154 1298 -—
1176 1281 1233 1307 Die
1254 1280 1448 1308 Handschrift

131 1318 331 1346 ribei-schreibt
351 1318 402 1344 das
418 1318 557 1346 Gedicht:
581 1321 610 1345 5.
625 1320 784 1354 Gregorius
805 1318 839 1345 de
855 1318 940 1344 beata
955 1317 1060 1344 Maria.
1095 1318 1393 1346 Selbstverstssindlich
1409 1320 1448 1346 ist

128 1356 262 1383 dasselbe
292 1356 447 1383 hijchssttfns
476 1366 528 1383 aus
552 1356 603 1382 der
624 1359 744 1383 zweiten
766 1356 866 1382 Halfte
887 1356 937 1383 des
959 1356 1063 1387 elften‚
1089 1356 1366 1384 wahrscheinlicher
1387 1359 1448 1384 erst

130 1403 182 1421 aus
203 1396 267 1421 dein
293 1394 334 1421 12.
357 1394 567 1421 Jahrhundert.
612 1394 653 1427 15,
676 1393 692 1420 ‘2
713 1395 809 1421 zitiert
829 1395 876 1421 die
898 1397 1047 1429 Sequenz:
1070 1394 1226 1421 Verbum
1253 1395 1382 1422 bonum
1411 1397 1448 1422 et

129 1442 219 1459 Suav
229 1442 252 1458 ζ’.

566 1583 627 1613 142.
669 1582 709 1613 De
730 1583 829 1613 Beata
848 1582 949 1613 Maria
970 1582 1005 1612 V.

166 1691 196 1723 1,
225 1690 333 1722 stillat
359 1691 391 1720 in
417 1690 541 1721 stellam
571 1690 692 1721 radium
855 1692 884 1722 3.
910 1691 1092 1722 Maternum
1120 1700 1173 1722 cor
1198 1690 1233 1722 fit
1259 1692 1398 1731 anxium,

225 1738 368 1769 Caeleste
393 1738 603 1775 stillicidium,
912 1738 995 1769 Dum
1024 1738 1120 1779 videt,
1146 1740 1230 1779 quod
1254 1740 1447 1779 supplicium

272 1786 337 1817 Mel
354 1786 490 1823 stillans,
506 1796 566 1825 quo
581 1786 625 1816 nil
635 1786 756 1820 melius.
959 1785 1061 1818 Filius
1086 1788 1183 1818 sentit
1208 1787 1333 1820 anxius.

225 1834 387 1873 Virginale
414 1834 636 1874 praecordium
913 1834 993 1865 Nam
1021 1835 1289 1874 propitiatorium,

223 1883 357 1913 Praeter
382 1887 514 1913 naturae
539 1882 677 1913 studium
913 1882 1002 1913 Sacri
1028 1882 1135 1914 cordis
1156 1884 1342 1920 sacrarium,

274 1930 354 1961 Dum
382 1930 485 1969 replet
511 1930 571 1961 Dei
598 1929 691 1961 filius.
960 1930 1123 1962 Percussit
1149 1932 1218 1971 ipse
1244 1931 1380 1972 gladius.

166 2036 196 2066 2.
226 2033 351 2066 Gaudet
381 2034 477 2075 virgo,
505 2043 585 2073 quae
612 2033 710 2065 filiuni
855 2036 885 2067 4.
914 2035 938 2067 Ο
966 2035 1120 2075 virginale
1144 2035 1256 2077 lilium,

226 2082 352 2114 Patrem
379 2084 463 2121 parit
490 2081 664 2116 humilium,
914 2083 998 2114 Rosa
1025 2092 1084 2123 per
1108 2084 1167 2116 hoc
1193 2085 1390 2127 martyrium,

276 2130 406 2161 Praeter
419 2138 509 2170 quem
525 2138 586 2161 non
601 2134 648 2160 est
658 2129 758 2170 alius3
964 2131 1086 2163 Donum
1113 2136 1208 2164 nacta
1233 2133 1368 2168 beatius,

225 2179 261 2210 In
288 2178 406 2208 luctum
434 2178 531 2210 vertit
556 2178 705 2216 gaudium
915 2179 979 2211 Ora
1004 2186 1138 2222 patrem,
1166 2181 1230 2221 pia,
1257 2181 1354 2221 pium,

226 2226 336 2258 Crucis
362 2227 520 2258 sustinens
546 2225 685 2257 taedium
917 2228 992 2260 Post
1018 2227 1110 2259 huius
1136 2229 1220 2260 vitae
1246 2229 1384 2262 stadium

275 2273 374 2306 Stella
401 2278 568 2313 praesente
594 2273 714 2305 radius.
963 2275 1008 2308 Ut
1032 2275 1074 2307 sit
1098 2276 1190 2308 nobis
1216 2278 1386 2319 propitius.

205 2379 325 2407 Collect.
347 2387 399 2405 ms.
422 2379 567 2406 Gallicum
586 2387 660 2405 saec.
684 2376 726 2405 13.
769 2376 839 2406 Cod.
862 2378 990 2407 Parisin.
1014 2380 1046 2406 l‘r.
1073 2377 1109 2406 25
1118 2379 1183 2408 400¹.
