<?xml version="1.0" encoding="UTF-8"?>
<!DOCTYPE html PUBLIC "-//W3C//DTD XHTML 1.0 Transitional//EN"
    "http://www.w3.org/TR/xhtml1/DTD/xhtml1-transitional.dtd">
<html xmlns="http://www.w3.org/1999/xhtml" xml:lang="en" lang="en">
 <head>
  <title>
</title>
<meta http-equiv="Content-Type" content="text/html;charset=utf-8" />
  <meta name='ocr-system' content='tesseract 3.04.00' />
  <meta name='ocr-capabilities' content='ocr_page ocr_carea ocr_par ocr_line ocrx_word'/>
</head>
<body>
  <div class='ocr_page' id='page_1' title='image "./analectahymnica46drevuoft/analectahymnica46drevuoft_0239.png"; bbox 0 0 1651 2680; ppageno 0'>
   <div class='ocr_carea' id='block_1_1' title="bbox 690 82 949 118">
    <p class='ocr_par' dir='ltr' id='par_1_1' title="bbox 690 82 949 118">
     <span class='ocr_line' id='line_1_1' title="bbox 690 82 949 118; baseline 0.008 -2"><span class='ocrx_word' id='word_1_1' title='bbox 690 82 949 118; x_wconf 78' lang='lat'><strong>-236—</strong></span> 
     </span>
    </p>
   </div>
   <div class='ocr_carea' id='block_1_2' title="bbox 566 177 1024 544">
    <p class='ocr_par' dir='ltr' id='par_1_2' title="bbox 566 177 922 218">
     <span class='ocr_line' id='line_1_2' title="bbox 566 177 922 218; baseline -0.003 -7"><span class='ocrx_word' id='word_1_2' title='bbox 566 179 596 211; x_wconf 87' lang='lat'>5.</span> <span class='ocrx_word' id='word_1_3' title='bbox 624 177 762 218; x_wconf 86' lang='lat' dir='ltr'>Spiritus</span> <span class='ocrx_word' id='word_1_4' title='bbox 787 179 922 218; x_wconf 84' lang='lat' dir='ltr'>angelici</span> 
     </span>
    </p>

    <p class='ocr_par' dir='ltr' id='par_1_3' title="bbox 669 229 996 267">
     <span class='ocr_line' id='line_1_3' title="bbox 669 229 996 267; baseline 0 -10"><span class='ocrx_word' id='word_1_5' title='bbox 669 234 787 263; x_wconf 85' lang='lat' dir='ltr'>omnes,</span> <span class='ocrx_word' id='word_1_6' title='bbox 814 235 870 258; x_wconf 86' lang='lat' dir='ltr'>vos</span> <span class='ocrx_word' id='word_1_7' title='bbox 895 229 996 267; x_wconf 82' lang='lat' dir='ltr'>avete,</span> 
     </span>
    </p>

    <p class='ocr_par' dir='ltr' id='par_1_4' title="bbox 622 272 1024 362">
     <span class='ocr_line' id='line_1_4' title="bbox 622 272 974 312; baseline 0.003 -8"><span class='ocrx_word' id='word_1_8' title='bbox 622 273 689 305; x_wconf 89' lang='lat' dir='ltr'>Deo</span> <span class='ocrx_word' id='word_1_9' title='bbox 715 274 768 312; x_wconf 91' lang='lat' dir='ltr'>qui</span> <span class='ocrx_word' id='word_1_10' title='bbox 794 272 936 305; x_wconf 84' lang='lat' dir='ltr'>fruimini</span> <span class='ocrx_word' id='word_1_11' title='bbox 970 277 974 281; x_wconf 87' lang='grc'><strong>”</strong></span> 
     </span>
     <span class='ocr_line' id='line_1_5' title="bbox 668 322 1024 362; baseline 0.006 -10"><span class='ocrx_word' id='word_1_12' title='bbox 668 330 790 353; x_wconf 87' lang='lat' dir='ltr'>summa</span> <span class='ocrx_word' id='word_1_13' title='bbox 815 330 884 353; x_wconf 88' lang='lat' dir='ltr'>cum</span> <span class='ocrx_word' id='word_1_14' title='bbox 909 322 1024 362; x_wconf 80' lang='lat' dir='ltr'>quiete⁷</span> 
     </span>
    </p>

    <p class='ocr_par' dir='ltr' id='par_1_5' title="bbox 622 368 950 455">
     <span class='ocr_line' id='line_1_6' title="bbox 622 368 950 401; baseline 0 -1"><span class='ocrx_word' id='word_1_15' title='bbox 622 368 687 400; x_wconf 91' lang='lat' dir='ltr'>Nos</span> <span class='ocrx_word' id='word_1_16' title='bbox 713 369 754 400; x_wconf 83' lang='lat' dir='ltr'>ad</span> <span class='ocrx_word' id='word_1_17' title='bbox 779 369 950 401; x_wconf 83' lang='lat' dir='ltr'>amicitiam</span> 
     </span>
     <span class='ocr_line' id='line_1_7' title="bbox 668 416 939 455; baseline 0 -8"><span class='ocrx_word' id='word_1_18' title='bbox 668 416 730 448; x_wconf 88' lang='lat' dir='ltr'>Dei</span> <span class='ocrx_word' id='word_1_19' title='bbox 755 420 939 455; x_wconf 87' lang='lat' dir='ltr'>promovete</span> 
     </span>
    </p>

    <p class='ocr_par' dir='ltr' id='par_1_6' title="bbox 627 464 969 544">
     <span class='ocr_line' id='line_1_8' title="bbox 627 464 969 496; baseline 0 0"><span class='ocrx_word' id='word_1_20' title='bbox 627 465 667 496; x_wconf 82' lang='lat' dir='ltr'>Et</span> <span class='ocrx_word' id='word_1_21' title='bbox 693 465 725 495; x_wconf 91' lang='lat' dir='ltr'>in</span> <span class='ocrx_word' id='word_1_22' title='bbox 751 464 832 496; x_wconf 86' lang='lat' dir='ltr'>caeli</span> <span class='ocrx_word' id='word_1_23' title='bbox 857 465 969 496; x_wconf 82' lang='lat' dir='ltr'>semita</span> 
     </span>
     <span class='ocr_line' id='line_1_9' title="bbox 670 511 952 544; baseline 0 0"><span class='ocrx_word' id='word_1_24' title='bbox 670 511 808 544; x_wconf 84' lang='lat' dir='ltr'>Stabiles</span> <span class='ocrx_word' id='word_1_25' title='bbox 836 515 952 544; x_wconf 87' lang='lat' dir='ltr'>tenete.</span> 
     </span>
    </p>
   </div>
   <div class='ocr_carea' id='block_1_3' title="bbox 243 622 1141 660">
    <p class='ocr_par' dir='ltr' id='par_1_7' title="bbox 243 622 1141 660">
     <span class='ocr_line' id='line_1_10' title="bbox 243 622 1141 660; baseline 0 -8"><span class='ocrx_word' id='word_1_26' title='bbox 243 622 378 652; x_wconf 82' lang='lat' dir='ltr'>Officium</span> <span class='ocrx_word' id='word_1_27' title='bbox 400 634 507 652; x_wconf 80' lang='lat' dir='ltr'>novum</span> <span class='ocrx_word' id='word_1_28' title='bbox 532 626 609 651; x_wconf 76' lang='lat' dir='ltr'>beati</span> <span class='ocrx_word' id='word_1_29' title='bbox 632 626 773 652; x_wconf 87' lang='lat' dir='ltr'>Iohannis</span> <span class='ocrx_word' id='word_1_30' title='bbox 795 626 862 660; x_wconf 91' lang='lat' dir='ltr'>imp.</span> <span class='ocrx_word' id='word_1_31' title='bbox 887 626 1037 654; x_wconf 82' lang='lat' dir='ltr'>Bononiae</span> <span class='ocrx_word' id='word_1_32' title='bbox 1060 624 1141 653; x_wconf 80' lang='lat'>1525.</span> 
     </span>
    </p>
   </div>
   <div class='ocr_carea' id='block_1_4' title="bbox 577 803 1070 844">
    <p class='ocr_par' dir='ltr' id='par_1_8' title="bbox 577 803 1070 844">
     <span class='ocr_line' id='line_1_11' title="bbox 577 803 1070 844; baseline 0.002 -10"><span class='ocrx_word' id='word_1_33' title='bbox 577 803 638 834; x_wconf 81' lang='lat'>185.</span> <span class='ocrx_word' id='word_1_34' title='bbox 684 805 724 835; x_wconf 86' lang='lat' dir='ltr'>De</span> <span class='ocrx_word' id='word_1_35' title='bbox 746 812 768 833; x_wconf 81' lang='lat' dir='ltr'>s.</span> <span class='ocrx_word' id='word_1_36' title='bbox 790 805 909 844; x_wconf 68' lang='lat' dir='ltr'>angelo</span> <span class='ocrx_word' id='word_1_37' title='bbox 933 803 1070 835; x_wconf 80' lang='lat' dir='ltr'>Custode.</span> 
     </span>
    </p>
   </div>
   <div class='ocr_carea' id='block_1_5' title="bbox 295 912 655 946">
    <p class='ocr_par' dir='ltr' id='par_1_9' title="bbox 295 912 655 946">
     <span class='ocr_line' id='line_1_12' title="bbox 295 912 655 946; baseline 0.003 -1"><span class='ocrx_word' id='word_1_38' title='bbox 295 912 354 945; x_wconf 87' lang='lat' dir='ltr'>Ad</span> <span class='ocrx_word' id='word_1_39' title='bbox 390 913 655 946; x_wconf 83' lang='lat' dir='ltr'>Matutinum.</span> 
     </span>
    </p>
   </div>
   <div class='ocr_carea' id='block_1_6' title="bbox 178 989 702 1030">
    <p class='ocr_par' dir='ltr' id='par_1_10' title="bbox 178 989 702 1030">
     <span class='ocr_line' id='line_1_13' title="bbox 178 989 702 1030; baseline 0 -10"><span class='ocrx_word' id='word_1_40' title='bbox 178 990 209 1021; x_wconf 85' lang='lat'>1.</span> <span class='ocrx_word' id='word_1_41' title='bbox 237 990 316 1027; x_wconf 87' lang='lat' dir='ltr'>Ave,</span> <span class='ocrx_word' id='word_1_42' title='bbox 345 994 450 1020; x_wconf 83' lang='lat' dir='ltr'>custos</span> <span class='ocrx_word' id='word_1_43' title='bbox 478 989 580 1021; x_wconf 84' lang='lat' dir='ltr'>dulcis</span> <span class='ocrx_word' id='word_1_44' title='bbox 604 999 702 1030; x_wconf 85' lang='lat' dir='ltr'>meus,</span> 
     </span>
    </p>
   </div>
   <div class='ocr_carea' id='block_1_7' title="bbox 236 1037 787 1354">
    <p class='ocr_par' dir='ltr' id='par_1_11' title="bbox 282 1037 583 1076">
     <span class='ocr_line' id='line_1_14' title="bbox 282 1037 583 1076; baseline -0.007 -7"><span class='ocrx_word' id='word_1_45' title='bbox 282 1037 404 1076; x_wconf 85' lang='lat' dir='ltr'>Angele</span> <span class='ocrx_word' id='word_1_46' title='bbox 431 1038 583 1076; x_wconf 84' lang='lat' dir='ltr'>piissime,</span> 
     </span>
    </p>

    <p class='ocr_par' dir='ltr' id='par_1_12' title="bbox 236 1085 731 1171">
     <span class='ocr_line' id='line_1_15' title="bbox 236 1085 731 1123; baseline -0.002 -6"><span class='ocrx_word' id='word_1_47' title='bbox 236 1085 293 1117; x_wconf 93' lang='lat' dir='ltr'>Cui</span> <span class='ocrx_word' id='word_1_48' title='bbox 319 1094 368 1115; x_wconf 85' lang='lat' dir='ltr'>me</span> <span class='ocrx_word' id='word_1_49' title='bbox 393 1089 492 1115; x_wconf 86' lang='lat' dir='ltr'>totum</span> <span class='ocrx_word' id='word_1_50' title='bbox 521 1085 607 1116; x_wconf 83' lang='lat' dir='ltr'>dedit</span> <span class='ocrx_word' id='word_1_51' title='bbox 635 1085 731 1123; x_wconf 75' lang='lat' dir='ltr'>Deus,</span> 
     </span>
     <span class='ocr_line' id='line_1_16' title="bbox 283 1132 591 1171; baseline -0.006 -7"><span class='ocrx_word' id='word_1_52' title='bbox 283 1133 369 1171; x_wconf 85' lang='lat' dir='ltr'>Rege</span> <span class='ocrx_word' id='word_1_53' title='bbox 394 1132 591 1171; x_wconf 80' lang='lat' dir='ltr'>fidelissime,</span> 
     </span>
    </p>

    <p class='ocr_par' dir='ltr' id='par_1_13' title="bbox 236 1180 731 1259">
     <span class='ocr_line' id='line_1_17' title="bbox 236 1180 731 1220; baseline 0 -10"><span class='ocrx_word' id='word_1_54' title='bbox 236 1180 285 1211; x_wconf 87' lang='lat' dir='ltr'>Ne</span> <span class='ocrx_word' id='word_1_55' title='bbox 311 1180 369 1211; x_wconf 86' lang='lat' dir='ltr'>sim</span> <span class='ocrx_word' id='word_1_56' title='bbox 395 1180 488 1211; x_wconf 88' lang='lat' dir='ltr'>malis</span> <span class='ocrx_word' id='word_1_57' title='bbox 513 1180 624 1210; x_wconf 86' lang='lat' dir='ltr'>mortis</span> <span class='ocrx_word' id='word_1_58' title='bbox 650 1189 731 1220; x_wconf 80' lang='lat' dir='ltr'>reus,</span> 
     </span>
     <span class='ocr_line' id='line_1_18' title="bbox 284 1227 624 1259; baseline 0 -1"><span class='ocrx_word' id='word_1_59' title='bbox 284 1228 400 1258; x_wconf 86' lang='lat' dir='ltr'>Vivere</span> <span class='ocrx_word' id='word_1_60' title='bbox 425 1227 624 1259; x_wconf 86' lang='lat' dir='ltr'>sanctissime</span> 
     </span>
    </p>

    <p class='ocr_par' dir='ltr' id='par_1_14' title="bbox 236 1275 787 1354">
     <span class='ocr_line' id='line_1_19' title="bbox 236 1275 787 1314; baseline 0 -9"><span class='ocrx_word' id='word_1_61' title='bbox 236 1275 302 1307; x_wconf 86' lang='lat' dir='ltr'>Fac</span> <span class='ocrx_word' id='word_1_62' title='bbox 328 1284 376 1305; x_wconf 89' lang='lat' dir='ltr'>me</span> <span class='ocrx_word' id='word_1_63' title='bbox 400 1283 535 1314; x_wconf 85' lang='lat' dir='ltr'>semper,</span> <span class='ocrx_word' id='word_1_64' title='bbox 563 1280 669 1306; x_wconf 88' lang='lat' dir='ltr'>rector</span> <span class='ocrx_word' id='word_1_65' title='bbox 691 1283 787 1313; x_wconf 85' lang='lat' dir='ltr'>meus,</span> 
     </span>
     <span class='ocr_line' id='line_1_20' title="bbox 283 1322 638 1354; baseline 0 0"><span class='ocrx_word' id='word_1_66' title='bbox 283 1323 323 1354; x_wconf 88' lang='lat' dir='ltr'>Et</span> <span class='ocrx_word' id='word_1_67' title='bbox 351 1323 430 1353; x_wconf 90' lang='lat' dir='ltr'>mori</span> <span class='ocrx_word' id='word_1_68' title='bbox 456 1322 638 1354; x_wconf 84' lang='lat' dir='ltr'>laetissime.</span> 
     </span>
    </p>
   </div>
   <div class='ocr_carea' id='block_1_8' title="bbox 336 1435 611 1467">
    <p class='ocr_par' dir='ltr' id='par_1_15' title="bbox 336 1435 611 1467">
     <span class='ocr_line' id='line_1_21' title="bbox 336 1435 611 1467; baseline 0.004 -1"><span class='ocrx_word' id='word_1_69' title='bbox 336 1436 398 1466; x_wconf 89' lang='lat' dir='ltr'>Ad</span> <span class='ocrx_word' id='word_1_70' title='bbox 434 1435 611 1467; x_wconf 83' lang='lat' dir='ltr'>Laudes.</span> 
     </span>
    </p>
   </div>
   <div class='ocr_carea' id='block_1_9' title="bbox 203 1511 687 1878">
    <p class='ocr_par' dir='ltr' id='par_1_16' title="bbox 203 1511 687 1878">
     <span class='ocr_line' id='line_1_22' title="bbox 203 1511 638 1550; baseline -0.007 -5"><span class='ocrx_word' id='word_1_71' title='bbox 203 1539 209 1545; x_wconf 94' lang='lat'>.</span> <span class='ocrx_word' id='word_1_72' title='bbox 238 1514 317 1546; x_wconf 67' lang='lat' dir='ltr'>Ave.</span> <span class='ocrx_word' id='word_1_73' title='bbox 346 1512 466 1543; x_wconf 18' lang='lat' dir='ltr'>(e&#39;hristi</span> <span class='ocrx_word' id='word_1_74' title='bbox 493 1511 638 1550; x_wconf 86' lang='lat' dir='ltr'>delegate</span> 
     </span>
     <span class='ocr_line' id='line_1_23' title="bbox 285 1559 640 1595; baseline -0.003 -4"><span class='ocrx_word' id='word_1_75' title='bbox 285 1559 337 1591; x_wconf 85' lang='lat' dir='ltr'>Ad</span> <span class='ocrx_word' id='word_1_76' title='bbox 363 1559 425 1590; x_wconf 88' lang='lat' dir='ltr'>mei</span> <span class='ocrx_word' id='word_1_77' title='bbox 451 1559 640 1595; x_wconf 71' lang='lat' dir='ltr'>custodiam,</span> 
     </span>
     <span class='ocr_line' id='line_1_24' title="bbox 240 1607 616 1647; baseline -0.005 -8"><span class='ocrx_word' id='word_1_78' title='bbox 240 1608 350 1639; x_wconf 89' lang='lat' dir='ltr'>Dulcis</span> <span class='ocrx_word' id='word_1_79' title='bbox 377 1607 488 1646; x_wconf 83' lang='lat' dir='ltr'>angele</span> <span class='ocrx_word' id='word_1_80' title='bbox 514 1607 616 1647; x_wconf 84' lang='lat' dir='ltr'>beate,</span> 
     </span>
     <span class='ocr_line' id='line_1_25' title="bbox 291 1654 687 1694; baseline 0.003 -8"><span class='ocrx_word' id='word_1_81' title='bbox 291 1656 352 1686; x_wconf 84' lang='lat' dir='ltr'>Per</span> <span class='ocrx_word' id='word_1_82' title='bbox 378 1655 517 1686; x_wconf 89' lang='lat' dir='ltr'>divinam</span> <span class='ocrx_word' id='word_1_83' title='bbox 543 1654 687 1694; x_wconf 82' lang='lat' dir='ltr'>gloriam.</span> 
     </span>
     <span class='ocr_line' id='line_1_26' title="bbox 238 1702 588 1742; baseline -0.003 -8"><span class='ocrx_word' id='word_1_84' title='bbox 238 1704 285 1734; x_wconf 86' lang='lat' dir='ltr'>De</span> <span class='ocrx_word' id='word_1_85' title='bbox 312 1702 442 1733; x_wconf 81' lang='lat' dir='ltr'>caelesti</span> <span class='ocrx_word' id='word_1_86' title='bbox 467 1703 588 1742; x_wconf 87' lang='lat' dir='ltr'>pietate</span> 
     </span>
     <span class='ocr_line' id='line_1_27' title="bbox 281 1750 667 1791; baseline -0.005 -9"><span class='ocrx_word' id='word_1_87' title='bbox 281 1752 389 1791; x_wconf 73' lang='lat' dir='ltr'>iugem</span> <span class='ocrx_word' id='word_1_88' title='bbox 417 1750 458 1781; x_wconf 86' lang='lat' dir='ltr'>da</span> <span class='ocrx_word' id='word_1_89' title='bbox 483 1750 667 1781; x_wconf 81' lang='lat' dir='ltr'>memoriam</span> 
     </span>
     <span class='ocr_line' id='line_1_28' title="bbox 238 1797 680 1831; baseline -0.007 0"><span class='ocrx_word' id='word_1_90' title='bbox 238 1800 278 1831; x_wconf 92' lang='lat' dir='ltr'>Et</span> <span class='ocrx_word' id='word_1_91' title='bbox 307 1807 374 1830; x_wconf 90' lang='lat' dir='ltr'>cum</span> <span class='ocrx_word' id='word_1_92' title='bbox 401 1798 485 1829; x_wconf 90' lang='lat' dir='ltr'>omni</span> <span class='ocrx_word' id='word_1_93' title='bbox 511 1797 680 1829; x_wconf 85' lang='lat' dir='ltr'>sanctitate</span> 
     </span>
     <span class='ocr_line' id='line_1_29' title="bbox 286 1845 609 1878; baseline 0.003 -1"><span class='ocrx_word' id='word_1_94' title='bbox 286 1847 419 1878; x_wconf 82' lang='lat' dir='ltr'>Vincere</span> <span class='ocrx_word' id='word_1_95' title='bbox 446 1845 609 1878; x_wconf 85' lang='lat' dir='ltr'>malitiam.</span> 
     </span>
    </p>
   </div>
   <div class='ocr_carea' id='block_1_10' title="bbox 336 1962 617 1994">
    <p class='ocr_par' dir='ltr' id='par_1_17' title="bbox 336 1962 617 1994">
     <span class='ocr_line' id='line_1_30' title="bbox 336 1962 617 1994; baseline -0.004 -2"><span class='ocrx_word' id='word_1_96' title='bbox 336 1962 396 1993; x_wconf 87' lang='lat' dir='ltr'>Ad</span> <span class='ocrx_word' id='word_1_97' title='bbox 430 1963 617 1994; x_wconf 85' lang='lat' dir='ltr'>Primam.</span> 
     </span>
    </p>
   </div>
   <div class='ocr_carea' id='block_1_11' title="bbox 176 2038 685 2078">
    <p class='ocr_par' dir='ltr' id='par_1_18' title="bbox 176 2038 685 2078">
     <span class='ocr_line' id='line_1_31' title="bbox 176 2038 685 2078; baseline -0.01 -6"><span class='ocrx_word' id='word_1_98' title='bbox 176 2044 206 2072; x_wconf 73' lang='grc' dir='ltr'>ῖ.</span> <span class='ocrx_word' id='word_1_99' title='bbox 234 2040 272 2071; x_wconf 90' lang='lat' dir='ltr'>In</span> <span class='ocrx_word' id='word_1_100' title='bbox 300 2047 348 2068; x_wconf 87' lang='lat' dir='ltr'>me</span> <span class='ocrx_word' id='word_1_101' title='bbox 373 2046 431 2078; x_wconf 89' lang='lat' dir='ltr'>per</span> <span class='ocrx_word' id='word_1_102' title='bbox 459 2041 490 2068; x_wconf 92' lang='lat' dir='ltr'>te</span> <span class='ocrx_word' id='word_1_103' title='bbox 517 2038 685 2069; x_wconf 85' lang='lat' dir='ltr'>roboretur</span> 
     </span>
    </p>
   </div>
   <div class='ocr_carea' id='block_1_12' title="bbox 232 2085 708 2406">
    <p class='ocr_par' dir='ltr' id='par_1_19' title="bbox 234 2085 708 2319">
     <span class='ocr_line' id='line_1_32' title="bbox 280 2085 706 2126; baseline -0.007 -9"><span class='ocrx_word' id='word_1_104' title='bbox 280 2086 390 2124; x_wconf 54' lang='lat' dir='ltr'>Fidem,</span> <span class='ocrx_word' id='word_1_105' title='bbox 418 2095 494 2125; x_wconf 87' lang='lat' dir='ltr'>spes</span> <span class='ocrx_word' id='word_1_106' title='bbox 520 2088 551 2115; x_wconf 86' lang='lat' dir='ltr'>et</span> <span class='ocrx_word' id='word_1_107' title='bbox 579 2085 706 2126; x_wconf 84' lang='lat' dir='ltr'>caritas,</span> 
     </span>
     <span class='ocr_line' id='line_1_33' title="bbox 235 2133 708 2173; baseline -0.004 -8"><span class='ocrx_word' id='word_1_108' title='bbox 235 2135 271 2165; x_wconf 89' lang='lat' dir='ltr'>In</span> <span class='ocrx_word' id='word_1_109' title='bbox 297 2142 347 2165; x_wconf 82' lang='lat' dir='ltr'>me</span> <span class='ocrx_word' id='word_1_110' title='bbox 373 2141 500 2173; x_wconf 83' lang='lat' dir='ltr'>semper</span> <span class='ocrx_word' id='word_1_111' title='bbox 528 2133 708 2165; x_wconf 85' lang='lat' dir='ltr'>dominetur</span> 
     </span>
     <span class='ocr_line' id='line_1_34' title="bbox 283 2181 666 2219; baseline -0.008 -5"><span class='ocrx_word' id='word_1_112' title='bbox 283 2183 363 2214; x_wconf 86' lang='lat' dir='ltr'>Tota</span> <span class='ocrx_word' id='word_1_113' title='bbox 391 2186 502 2213; x_wconf 86' lang='lat' dir='ltr'>sancta</span> <span class='ocrx_word' id='word_1_114' title='bbox 528 2181 666 2219; x_wconf 80' lang='lat' dir='ltr'>trinitas,</span> 
     </span>
     <span class='ocr_line' id='line_1_35' title="bbox 234 2228 690 2269; baseline -0.009 -7"><span class='ocrx_word' id='word_1_115' title='bbox 234 2231 270 2262; x_wconf 93' lang='lat' dir='ltr'>In</span> <span class='ocrx_word' id='word_1_116' title='bbox 296 2238 346 2261; x_wconf 91' lang='lat' dir='ltr'>me</span> <span class='ocrx_word' id='word_1_117' title='bbox 367 2229 516 2261; x_wconf 87' lang='lat' dir='ltr'>Christus</span> <span class='ocrx_word' id='word_1_118' title='bbox 543 2228 690 2269; x_wconf 89' lang='lat' dir='ltr'>epuletur</span> 
     </span>
     <span class='ocr_line' id='line_1_36' title="bbox 282 2277 592 2319; baseline -0.003 -9"><span class='ocrx_word' id='word_1_119' title='bbox 282 2279 323 2310; x_wconf 87' lang='lat' dir='ltr'>Et</span> <span class='ocrx_word' id='word_1_120' title='bbox 350 2278 416 2308; x_wconf 88' lang='lat' dir='ltr'>eius</span> <span class='ocrx_word' id='word_1_121' title='bbox 441 2277 592 2319; x_wconf 84' lang='lat' dir='ltr'>suavitas,</span> 
     </span>
    </p>

    <p class='ocr_par' dir='ltr' id='par_1_20' title="bbox 232 2325 682 2406">
     <span class='ocr_line' id='line_1_37' title="bbox 232 2325 682 2360; baseline -0.009 -1"><span class='ocrx_word' id='word_1_122' title='bbox 232 2329 270 2360; x_wconf 89' lang='lat' dir='ltr'>In</span> <span class='ocrx_word' id='word_1_123' title='bbox 294 2334 344 2358; x_wconf 87' lang='lat' dir='ltr'>me</span> <span class='ocrx_word' id='word_1_124' title='bbox 369 2327 498 2358; x_wconf 82' lang='lat' dir='ltr'>tandem</span> <span class='ocrx_word' id='word_1_125' title='bbox 522 2325 682 2357; x_wconf 83' lang='lat' dir='ltr'>reveletur</span> 
     </span>
     <span class='ocr_line' id='line_1_38' title="bbox 281 2373 638 2406; baseline -0.006 0"><span class='ocrx_word' id='word_1_126' title='bbox 281 2375 323 2406; x_wconf 88' lang='lat' dir='ltr'>Et</span> <span class='ocrx_word' id='word_1_127' title='bbox 350 2373 427 2406; x_wconf 82' lang='lat' dir='ltr'>felix</span> <span class='ocrx_word' id='word_1_128' title='bbox 454 2373 638 2406; x_wconf 61' lang='lat' dir='ltr'>aeternitas</span> 
     </span>
    </p>
   </div>
   <div class='ocr_carea' id='block_1_13' title="bbox 1009 913 1306 947">
    <p class='ocr_par' dir='ltr' id='par_1_21' title="bbox 1009 913 1306 947">
     <span class='ocr_line' id='line_1_39' title="bbox 1009 913 1306 947; baseline 0.007 -2"><span class='ocrx_word' id='word_1_129' title='bbox 1009 914 1070 945; x_wconf 91' lang='lat' dir='ltr'>Ad</span> <span class='ocrx_word' id='word_1_130' title='bbox 1102 913 1306 947; x_wconf 85' lang='lat' dir='ltr'>Tertiam.</span> 
     </span>
    </p>
   </div>
   <div class='ocr_carea' id='block_1_14' title="bbox 864 989 1358 1031">
    <p class='ocr_par' dir='ltr' id='par_1_22' title="bbox 864 989 1358 1031">
     <span class='ocr_line' id='line_1_40' title="bbox 864 989 1358 1031; baseline 0 -10"><span class='ocrx_word' id='word_1_131' title='bbox 864 993 895 1024; x_wconf 84' lang='lat'>4.</span> <span class='ocrx_word' id='word_1_132' title='bbox 921 989 1006 1021; x_wconf 84' lang='lat' dir='ltr'>Sana</span> <span class='ocrx_word' id='word_1_133' title='bbox 1030 992 1142 1029; x_wconf 87' lang='lat' dir='ltr'>pectus</span> <span class='ocrx_word' id='word_1_134' title='bbox 1168 990 1358 1031; x_wconf 84' lang='lat' dir='ltr'>suspirantis</span> 
     </span>
    </p>
   </div>
   <div class='ocr_carea' id='block_1_15' title="bbox 921 1037 1422 1356">
    <p class='ocr_par' dir='ltr' id='par_1_23' title="bbox 921 1037 1422 1356">
     <span class='ocr_line' id='line_1_41' title="bbox 970 1037 1320 1078; baseline 0.003 -10"><span class='ocrx_word' id='word_1_135' title='bbox 970 1037 1097 1069; x_wconf 88' lang='lat' dir='ltr'>Gemitu</span> <span class='ocrx_word' id='word_1_136' title='bbox 1123 1039 1320 1078; x_wconf 79' lang='lat' dir='ltr'>gravissimo,</span> 
     </span>
     <span class='ocr_line' id='line_1_42' title="bbox 922 1085 1360 1125; baseline 0 -9"><span class='ocrx_word' id='word_1_137' title='bbox 922 1085 1016 1116; x_wconf 88' lang='lat' dir='ltr'>Educ</span> <span class='ocrx_word' id='word_1_138' title='bbox 1040 1086 1122 1117; x_wconf 72' lang='lat' dir='ltr'>viam</span> <span class='ocrx_word' id='word_1_139' title='bbox 1149 1085 1360 1125; x_wconf 86' lang='lat' dir='ltr'>supplicantis</span> 
     </span>
     <span class='ocr_line' id='line_1_43' title="bbox 970 1133 1358 1173; baseline -0.003 -9"><span class='ocrx_word' id='word_1_140' title='bbox 970 1133 1018 1164; x_wconf 89' lang='lat' dir='ltr'>De</span> <span class='ocrx_word' id='word_1_141' title='bbox 1043 1137 1185 1164; x_wconf 89' lang='lat' dir='ltr'>torrente</span> <span class='ocrx_word' id='word_1_142' title='bbox 1210 1133 1358 1173; x_wconf 82' lang='lat' dir='ltr'>pessimo,</span> 
     </span>
     <span class='ocr_line' id='line_1_44' title="bbox 922 1181 1422 1221; baseline 0 -8"><span class='ocrx_word' id='word_1_143' title='bbox 922 1181 967 1213; x_wconf 89' lang='lat' dir='ltr'>Ut</span> <span class='ocrx_word' id='word_1_144' title='bbox 994 1181 1034 1212; x_wconf 87' lang='lat' dir='ltr'>sit</span> <span class='ocrx_word' id='word_1_145' title='bbox 1060 1184 1152 1221; x_wconf 84' lang='lat' dir='ltr'>grata</span> <span class='ocrx_word' id='word_1_146' title='bbox 1175 1190 1287 1213; x_wconf 87' lang='lat' dir='ltr'>manus</span> <span class='ocrx_word' id='word_1_147' title='bbox 1315 1182 1422 1213; x_wconf 84' lang='lat' dir='ltr'>dantis</span> 
     </span>
     <span class='ocr_line' id='line_1_45' title="bbox 968 1229 1320 1267; baseline 0 -7"><span class='ocrx_word' id='word_1_148' title='bbox 968 1229 1039 1260; x_wconf 87' lang='lat' dir='ltr'>Iesu</span> <span class='ocrx_word' id='word_1_149' title='bbox 1066 1229 1320 1267; x_wconf 86' lang='lat' dir='ltr'>clementissimo,</span> 
     </span>
     <span class='ocr_line' id='line_1_46' title="bbox 921 1274 1376 1307; baseline 0.002 -1"><span class='ocrx_word' id='word_1_150' title='bbox 921 1274 1016 1306; x_wconf 91' lang='lat' dir='ltr'>Cuius</span> <span class='ocrx_word' id='word_1_151' title='bbox 1043 1277 1111 1307; x_wconf 85' lang='lat' dir='ltr'>visu</span> <span class='ocrx_word' id='word_1_152' title='bbox 1137 1284 1186 1306; x_wconf 91' lang='lat' dir='ltr'>me</span> <span class='ocrx_word' id='word_1_153' title='bbox 1210 1275 1376 1307; x_wconf 82' lang='lat' dir='ltr'>formantis</span> 
     </span>
     <span class='ocr_line' id='line_1_47' title="bbox 969 1322 1291 1356; baseline 0.003 -2"><span class='ocrx_word' id='word_1_154' title='bbox 969 1322 1072 1354; x_wconf 86' lang='lat' dir='ltr'>Fruar</span> <span class='ocrx_word' id='word_1_155' title='bbox 1098 1322 1291 1356; x_wconf 86' lang='lat' dir='ltr'>beatissimo.</span> 
     </span>
    </p>
   </div>
   <div class='ocr_carea' id='block_1_16' title="bbox 1022 1436 1297 1470">
    <p class='ocr_par' dir='ltr' id='par_1_24' title="bbox 1022 1436 1297 1470">
     <span class='ocr_line' id='line_1_48' title="bbox 1022 1436 1297 1470; baseline 0.007 -2"><span class='ocrx_word' id='word_1_156' title='bbox 1022 1438 1082 1468; x_wconf 83' lang='lat' dir='ltr'>Ad</span> <span class='ocrx_word' id='word_1_157' title='bbox 1117 1436 1297 1470; x_wconf 78' lang='lat' dir='ltr'>Sextam.</span> 
     </span>
    </p>
   </div>
   <div class='ocr_carea' id='block_1_17' title="bbox 867 1513 1391 1550">
    <p class='ocr_par' dir='ltr' id='par_1_25' title="bbox 867 1513 1391 1550">
     <span class='ocr_line' id='line_1_49' title="bbox 867 1513 1391 1550; baseline 0 -6"><span class='ocrx_word' id='word_1_158' title='bbox 867 1516 894 1547; x_wconf 83' lang='lat'>&#39;.</span> <span class='ocrx_word' id='word_1_159' title='bbox 923 1513 1037 1544; x_wconf 85' lang='lat' dir='ltr'>Pastor</span> <span class='ocrx_word' id='word_1_160' title='bbox 1062 1513 1152 1550; x_wconf 72' lang='lat' dir='ltr'>bone,</span> <span class='ocrx_word' id='word_1_161' title='bbox 1180 1523 1300 1545; x_wconf 89' lang='lat' dir='ltr'>memor</span> <span class='ocrx_word' id='word_1_162' title='bbox 1323 1519 1391 1544; x_wconf 87' lang='lat' dir='ltr'>esto</span> 
     </span>
    </p>
   </div>
   <div class='ocr_carea' id='block_1_18' title="bbox 921 1561 1463 1887">
    <p class='ocr_par' dir='ltr' id='par_1_26' title="bbox 921 1561 1463 1887">
     <span class='ocr_line' id='line_1_50' title="bbox 970 1561 1349 1602; baseline 0 -10"><span class='ocrx_word' id='word_1_163' title='bbox 970 1561 1067 1592; x_wconf 81' lang='lat' dir='ltr'>Ovem</span> <span class='ocrx_word' id='word_1_164' title='bbox 1093 1565 1180 1592; x_wconf 80' lang='lat' dir='ltr'>tuam</span> <span class='ocrx_word' id='word_1_165' title='bbox 1206 1570 1349 1602; x_wconf 74' lang='lat' dir='ltr'>pascere,</span> 
     </span>
     <span class='ocr_line' id='line_1_51' title="bbox 923 1608 1345 1649; baseline 0.007 -11"><span class='ocrx_word' id='word_1_166' title='bbox 923 1608 974 1638; x_wconf 92' lang='lat' dir='ltr'>Illi</span> <span class='ocrx_word' id='word_1_167' title='bbox 1000 1617 1127 1648; x_wconf 87' lang='lat' dir='ltr'>semper</span> <span class='ocrx_word' id='word_1_168' title='bbox 1151 1609 1198 1640; x_wconf 88' lang='lat' dir='ltr'>sic</span> <span class='ocrx_word' id='word_1_169' title='bbox 1222 1611 1345 1649; x_wconf 73' lang='lat' dir='ltr'>adesto,</span> 
     </span>
     <span class='ocr_line' id='line_1_52' title="bbox 969 1656 1382 1696; baseline 0 -8"><span class='ocrx_word' id='word_1_170' title='bbox 969 1656 1023 1694; x_wconf 81' lang='lat' dir='ltr'>Ut,</span> <span class='ocrx_word' id='word_1_171' title='bbox 1051 1658 1124 1688; x_wconf 92' lang='lat' dir='ltr'>dum</span> <span class='ocrx_word' id='word_1_172' title='bbox 1151 1657 1243 1696; x_wconf 89' lang='lat' dir='ltr'>lupus</span> <span class='ocrx_word' id='word_1_173' title='bbox 1269 1666 1382 1696; x_wconf 86' lang='lat' dir='ltr'>rapere</span> 
     </span>
     <span class='ocr_line' id='line_1_53' title="bbox 921 1704 1463 1745; baseline 0.004 -11"><span class='ocrx_word' id='word_1_174' title='bbox 921 1704 1071 1743; x_wconf 86' lang='lat' dir='ltr'>Temptat</span> <span class='ocrx_word' id='word_1_175' title='bbox 1097 1713 1175 1744; x_wconf 72' lang='lat' dir='ltr'>eam,</span> <span class='ocrx_word' id='word_1_176' title='bbox 1203 1710 1236 1736; x_wconf 90' lang='lat' dir='ltr'>tu</span> <span class='ocrx_word' id='word_1_177' title='bbox 1263 1706 1307 1736; x_wconf 86' lang='lat' dir='ltr'>sis</span> <span class='ocrx_word' id='word_1_178' title='bbox 1330 1708 1463 1745; x_wconf 85' lang='lat' dir='ltr'>praesto</span> 
     </span>
     <span class='ocr_line' id='line_1_54' title="bbox 968 1752 1323 1792; baseline 0.006 -9"><span class='ocrx_word' id='word_1_179' title='bbox 968 1752 1047 1783; x_wconf 78' lang='lat' dir='ltr'>Mox</span> <span class='ocrx_word' id='word_1_180' title='bbox 1071 1752 1161 1783; x_wconf 85' lang='lat' dir='ltr'>illam</span> <span class='ocrx_word' id='word_1_181' title='bbox 1188 1753 1323 1792; x_wconf 76' lang='lat' dir='ltr'>eripere,</span> 
     </span>
     <span class='ocr_line' id='line_1_55' title="bbox 922 1799 1423 1840; baseline 0.006 -10"><span class='ocrx_word' id='word_1_182' title='bbox 922 1799 1020 1837; x_wconf 87' lang='lat' dir='ltr'>Quam</span> <span class='ocrx_word' id='word_1_183' title='bbox 1046 1804 1231 1839; x_wconf 86' lang='lat' dir='ltr'>praesentes</span> <span class='ocrx_word' id='word_1_184' title='bbox 1256 1801 1305 1832; x_wconf 94' lang='lat' dir='ltr'>illi</span> <span class='ocrx_word' id='word_1_185' title='bbox 1331 1800 1423 1840; x_wconf 83' lang='lat' dir='ltr'>festo⁷</span> 
     </span>
     <span class='ocr_line' id='line_1_56' title="bbox 968 1848 1368 1887; baseline 0.005 -9"><span class='ocrx_word' id='word_1_186' title='bbox 968 1848 1059 1887; x_wconf 82' lang='lat' dir='ltr'>Quod</span> <span class='ocrx_word' id='word_1_187' title='bbox 1084 1849 1192 1887; x_wconf 85' lang='lat' dir='ltr'>nequit</span> <span class='ocrx_word' id='word_1_188' title='bbox 1221 1848 1368 1881; x_wconf 86' lang='lat' dir='ltr'>deficere.</span> 
     </span>
    </p>
   </div>
   <div class='ocr_carea' id='block_1_19' title="bbox 1030 1962 1293 1997">
    <p class='ocr_par' dir='ltr' id='par_1_27' title="bbox 1030 1962 1293 1997">
     <span class='ocr_line' id='line_1_57' title="bbox 1030 1962 1293 1997; baseline 0.008 -3"><span class='ocrx_word' id='word_1_189' title='bbox 1030 1963 1088 1994; x_wconf 79' lang='lat' dir='ltr'>Ad</span> <span class='ocrx_word' id='word_1_190' title='bbox 1125 1962 1293 1997; x_wconf 84' lang='lat' dir='ltr'>Nonam.</span> 
     </span>
    </p>
   </div>
   <div class='ocr_carea' id='block_1_20' title="bbox 888 2038 1302 2077">
    <p class='ocr_par' dir='ltr' id='par_1_28' title="bbox 888 2038 1302 2077">
     <span class='ocr_line' id='line_1_58' title="bbox 888 2038 1302 2077; baseline 0 -7"><span class='ocrx_word' id='word_1_191' title='bbox 888 2063 895 2070; x_wconf 92' lang='lat'>.</span> <span class='ocrx_word' id='word_1_192' title='bbox 922 2038 1002 2076; x_wconf 71' lang='lat' dir='ltr'>Ave,</span> <span class='ocrx_word' id='word_1_193' title='bbox 1030 2047 1121 2069; x_wconf 84' lang='lat' dir='ltr'>sacer</span> <span class='ocrx_word' id='word_1_194' title='bbox 1146 2038 1302 2077; x_wconf 86' lang='lat' dir='ltr'>spiritalis</span> 
     </span>
    </p>
   </div>
   <div class='ocr_carea' id='block_1_21' title="bbox 916 2086 1430 2407">
    <p class='ocr_par' dir='ltr' id='par_1_29' title="bbox 921 2086 1380 2174">
     <span class='ocr_line' id='line_1_59' title="bbox 969 2086 1300 2127; baseline 0.006 -11"><span class='ocrx_word' id='word_1_195' title='bbox 969 2087 1153 2117; x_wconf 81' lang='lat' dir='ltr'>Amicorum</span> <span class='ocrx_word' id='word_1_196' title='bbox 1180 2086 1300 2127; x_wconf 86' lang='lat' dir='ltr'>intime,</span> 
     </span>
     <span class='ocr_line' id='line_1_60' title="bbox 921 2134 1380 2174; baseline 0.004 -8"><span class='ocrx_word' id='word_1_197' title='bbox 921 2135 1045 2174; x_wconf 80' lang='lat' dir='ltr'>Comes,</span> <span class='ocrx_word' id='word_1_198' title='bbox 1075 2134 1138 2165; x_wconf 79' lang='lat' dir='ltr'>dux</span> <span class='ocrx_word' id='word_1_199' title='bbox 1164 2138 1196 2164; x_wconf 83' lang='lat' dir='ltr'>et</span> <span class='ocrx_word' id='word_1_200' title='bbox 1220 2144 1278 2166; x_wconf 79' lang='lat' dir='ltr'>rex</span> <span class='ocrx_word' id='word_1_201' title='bbox 1302 2161 1308 2168; x_wconf 96' lang='lat'>.</span> <span class='ocrx_word' id='word_1_202' title='bbox 1337 2160 1344 2167; x_wconf 93' lang='lat'>.</span> <span class='ocrx_word' id='word_1_203' title='bbox 1374 2161 1380 2168; x_wconf 96' lang='lat'>.</span> 
     </span>
    </p>

    <p class='ocr_par' dir='ltr' id='par_1_30' title="bbox 919 2181 1339 2263">
     <span class='ocr_line' id='line_1_61' title="bbox 971 2181 1339 2223; baseline 0.003 -10"><span class='ocrx_word' id='word_1_204' title='bbox 971 2181 1122 2221; x_wconf 87' lang='lat' dir='ltr'>Corporis</span> <span class='ocrx_word' id='word_1_205' title='bbox 1148 2185 1179 2212; x_wconf 89' lang='lat' dir='ltr'>et</span> <span class='ocrx_word' id='word_1_206' title='bbox 1204 2185 1339 2223; x_wconf 64' lang='lat' dir='ltr'>animae,</span> 
     </span>
     <span class='ocr_line' id='line_1_62' title="bbox 919 2229 1328 2263; baseline 0.007 -3"><span class='ocrx_word' id='word_1_207' title='bbox 919 2229 999 2260; x_wconf 88' lang='lat' dir='ltr'>Esto</span> <span class='ocrx_word' id='word_1_208' title='bbox 1025 2229 1103 2260; x_wconf 89' lang='lat' dir='ltr'>mihi</span> <span class='ocrx_word' id='word_1_209' title='bbox 1129 2229 1194 2260; x_wconf 85' lang='lat' dir='ltr'>dux</span> <span class='ocrx_word' id='word_1_210' title='bbox 1220 2231 1328 2263; x_wconf 85' lang='lat' dir='ltr'>vitalis</span> 
     </span>
    </p>

    <p class='ocr_par' dir='ltr' id='par_1_31' title="bbox 916 2277 1430 2364">
     <span class='ocr_line' id='line_1_63' title="bbox 962 2277 1307 2316; baseline 0.006 -8"><span class='ocrx_word' id='word_1_211' title='bbox 962 2277 1006 2308; x_wconf 89' lang='lat' dir='ltr'>Et</span> <span class='ocrx_word' id='word_1_212' title='bbox 1031 2286 1050 2309; x_wconf 87' lang='lat' dir='ltr'>a</span> <span class='ocrx_word' id='word_1_213' title='bbox 1075 2277 1178 2316; x_wconf 85' lang='lat' dir='ltr'>culpis</span> <span class='ocrx_word' id='word_1_214' title='bbox 1204 2279 1307 2310; x_wconf 87' lang='lat' dir='ltr'>exime</span> 
     </span>
     <span class='ocr_line' id='line_1_64' title="bbox 916 2325 1430 2364; baseline 0.006 -8"><span class='ocrx_word' id='word_1_215' title='bbox 916 2325 1022 2364; x_wconf 88' lang='lat' dir='ltr'>Atque</span> <span class='ocrx_word' id='word_1_216' title='bbox 1045 2334 1096 2357; x_wconf 90' lang='lat' dir='ltr'>me</span> <span class='ocrx_word' id='word_1_217' title='bbox 1122 2325 1162 2356; x_wconf 87' lang='lat' dir='ltr'>de</span> <span class='ocrx_word' id='word_1_218' title='bbox 1187 2328 1310 2358; x_wconf 82' lang='lat' dir='ltr'>cunctis</span> <span class='ocrx_word' id='word_1_219' title='bbox 1335 2327 1430 2359; x_wconf 82' lang='lat' dir='ltr'>malis</span> 
     </span>
    </p>

    <p class='ocr_par' dir='ltr' id='par_1_32' title="bbox 965 2373 1347 2407">
     <span class='ocr_line' id='line_1_65' title="bbox 965 2373 1347 2407; baseline -0.003 -2"><span class='ocrx_word' id='word_1_220' title='bbox 965 2373 1053 2405; x_wconf 85' lang='lat' dir='ltr'>Hora</span> <span class='ocrx_word' id='word_1_221' title='bbox 1077 2374 1190 2405; x_wconf 89' lang='lat' dir='ltr'>mortis</span> <span class='ocrx_word' id='word_1_222' title='bbox 1216 2375 1347 2407; x_wconf 86' lang='lat' dir='ltr'>redime.</span> 
     </span>
    </p>
   </div>
  </div>
 </body>
</html>
