1651 2680
735 115 779 120 —
832 94 993 130 176-

379 236 441 266 134.
484 234 590 266 Oratio
612 234 651 265 ad
671 234 796 266 laudem
817 234 930 266 heatae
951 234 1080 271 Mariae,
1101 235 1213 266 matris
1235 233 1363 265 Domini.

224 327 254 359 1.
282 325 386 363 Salve„
415 325 522 364 regina
547 325 696 362 omnium,
913 326 968 359 10.
994 325 1081 357 Audi
1107 333 1201 356 voces
1226 324 1384 361 miseriae,

279 374 380 414 Virgo
406 378 515 408 mater.
544 377 614 413 post
641 371 750 412 filium,
993 374 1077 412 Quas
1103 382 1165 404 non
1192 380 1322 412 possum
1347 369 1527 412 exsolvere,

280 421 373 452 Salve
400 421 545 452 caelestis
571 422 675 457 ianua,
995 419 1066 452 Nisi
1091 420 1161 460 tibi,
1187 419 1398 460 sanctissima,

282 468 508 500 peccatoribus
532 468 652 508 patula.
995 468 1091 506 Virgo
1118 471 1189 508 post
1212 469 1339 506 partum
1363 465 1469 497 unica.

225 571 258 602 2.
289 569 393 607 Salve,
420 573 452 599 tu
478 568 538 600 Dei
565 568 718 608 genetrix,
913 569 967 601 11.
996 567 1044 599 Ne
1070 567 1129 599 tibi
1155 568 1196 598 sit
1219 566 1350 598 offensio

285 617 381 656 Virgo
407 616 524 648 florens
551 621 579 647 et
608 614 734 650 fertilis,
995 615 1056 646 Tot
1085 616 1239 646 scelerum
1267 612 1435 650 confessio,

283 665 350 696 Tuo
376 665 530 704 processit
557 668 647 694 utero
996 663 1077 694 Nam
1104 672 1138 694 se
1165 662 1281 694 calcari
1307 660 1443 702 pedibus

283 713 456 752 Tamquam
475 721 609 750 sponsus
632 711 671 741 de
685 710 836 751 thalamo,
996 711 1079 742 Meis
1105 710 1201 742 nollet
1230 709 1359 750 diutius,

226 814 257 845 3.
288 814 346 850 Qui
373 822 429 843 nos
456 813 540 842 veuit
568 811 736 850 redimere,
914 811 969 844 12.
997 810 1031 842 Si
1058 819 1107 841 me
1132 814 1218 841 terra
1244 812 1459 850 cognosceret,

285 860 438 892 Mundum
467 859 614 898 dignatus
641 859 755 900 visere,
999 857 1039 889 Se
1064 861 1176 898 supter
1201 865 1251 888 me
1277 857 1468 896 dehisceret,

285 907 333 938 Ne
360 908 398 938 sit
426 907 502 937 mihi
529 906 703 946 damnatio,
1000 905 1075 936 Sum
1100 905 1183 936 enim
1207 904 1298 936 bonis
1324 902 1469 935 omuibus

286 955 431 986 Piissima
458 954 646 994 redemptio.
999 952 1096 984 Malis
1121 953 1199 983 meis
1223 951 1413 984 contrarius.

227 1053 258 1083 4.
286 1051 380 1082 Ecce.
409 1054 557 1089 quantum
586 1049 748 1081 horribilis
917 1050 970 1082 13.
999 1048 1090 1087 Quod
1118 1048 1235 1088 diligis,
1262 1057 1324 1079 non
1352 1047 1459 1086 diligo,

287 1099 391 1130 Castis
418 1098 531 1129 assisto
557 1098 666 1138 oculis,
999 1096 1223 1135 Virginitatem
1250 1093 1346 1135 fugio,

286 1146 362 1177 Tuis
387 1146 534 1185 primum,
562 1151 631 1186 post
658 1146 796 1176 omnium
998 1145 1183 1181 Perversus,
1214 1143 1362 1176 mendax.
1390 1141 1527 1181 invidum

285 1193 447 1224 Felicibus
471 1194 665 1224 caelestium.
997 1192 1186 1223 Illicitorum
1214 1191 1360 1230 cupidus,

228 1292 259 1323 5.
287 1290 423 1328 Quorum
450 1297 519 1320 mea
544 1289 671 1320 luxuria
918 1289 972 1320 14.
1000 1288 1055 1318 Ira
1080 1285 1234 1318 frendens
1261 1291 1291 1317 et
1318 1286 1390 1317 odio

287 1337 457 1368 mordetur
484 1336 658 1376 pudicitia3
999 1335 1041 1366 Et
1068 1344 1194 1374 semper
1216 1335 1348 1365 studens
1374 1333 1448 1365 otio.

286 1384 353 1415 Nec
380 1385 480 1415 solum
506 1384 591 1415 istud
618 1383 728 1414 vitium
998 1383 1023 1415 O
1048 1391 1140 1422 quam
1169 1383 1275 1422 lugere
1303 1381 1413 1413 debeo.

288 1432 368 1462 Mihi
395 1431 491 1462 infert
518 1431 680 1470 iudicium,
997 1431 1057 1462 Tot
1084 1431 1170 1462 vitiis
1197 1430 1280 1469 quod
1307 1429 1429 1461 servio!

232 1530 263 1561 6.
291 1527 354 1559 Sed
380 1532 455 1567 quot
482 1527 630 1558 dicuntur
656 1529 792 1568 nomina,
917 1528 973 1560 15.
1001 1527 1083 1558 Nam
1109 1536 1171 1558 non
1197 1526 1286 1557 urbis
1313 1525 1482 1569 excidium,

287 1575 345 1606 Tot
373 1575 448 1605 mihi
476 1575 580 1606 insunt
607 1575 694 1611 vitia.
1000 1574 1063 1606 Sed
1091 1575 1214 1606 animae
1239 1574 1433 1614 periculum3

290 1624 426 1661 Quorum
453 1622 548 1654 miser
575 1623 712 1654 dominio
1000 1624 1109 1661 Imago
1134 1622 1195 1654 Dei
1223 1622 1359 1661 deperit,

290 1671 446 1702 Assiduus
473 1671 620 1702 inservio.
1000 1671 1116 1702 Anima
1142 1670 1231 1702 caelo
1257 1669 1389 1702 decidit.

233 1768 263 1799 7.
291 1766 333 1797 Et
359 1767 431 1806 quia
456 1767 554 1798 moles
581 1767 745 1798 criminum
917 1768 971 1800 16.
1000 1767 1083 1806 Quid
1111 1767 1215 1798 dicam
1243 1772 1316 1798 ante
1342 1766 1490 1805 iudicem,

288 1814 341 1845 Me
367 1815 457 1846 malis
484 1813 560 1846 facit
586 1815 745 1856 miserum,
1000 1815 1114 1857 Caelis,
1142 1814 1237 1846 terris
1262 1815 1450 1852 terribilem,

289 1863 342 1893 Ad
368 1866 399 1893 te
425 1862 522 1893 solam
551 1861 708 1903 confugio,
999 1863 1082 1894 Dum
1109 1867 1229 1895 statuet
1253 1863 1407 1894 iudicium

288 1910 388 1941 Tuum
414 1910 553 1942 solamen
579 1910 733 1950 quaerito.
997 1911 1039 1942 Et
1065 1911 1219 1943 iudicabit
1247 1909 1432 1943 saeculum?

230 2006 262 2038 8.
292 2004 400 2036 Pande
425 2004 501 2035 mihi
527 2005 703 2044 piissimum
918 2007 972 2040 17,
1001 2005 1061 2036 Vix
1088 2007 1190 2037 iustus
1216 2009 1291 2037 tunc
1316 2006 1495 2038 salvabitur

291 2052 421 2083 }’i‹›tatis
447 2053 632 2093 sacrarium,
998 2053 1042 2085 Et
1068 2054 1183 2093 impius
1211 2054 1424 2092 damnabitur,

292 2100 423 2131 Pateaut
450 2109 543 2131 aures
569 2100 681 2131 beatae
999 2100 1048 2132 Ibi
1075 2101 1234 2141 parebunt
1259 2103 1364 2134 omnia

291 2147 384 2178 Meae
410 2148 495 2178 vocis
522 2149 697 2187 angustiae.
998 2150 1027 2180 A
1055 2149 1190 2181 saeculis
1216 2149 1416 2182 abscondita.

234 2244 267 2276 9.
294 2242 434 2284 Appella
459 2252 517 2282 pro
543 2252 592 2274 me
615 2242 715 2275 filium
918 2245 973 2278 18.
1002 2244 1228 2284 Unusquisque
1254 2254 1314 2284 pro
1339 2246 1454 2278 merito

291 2289 352 2321 Dei
377 2291 484 2329 tuique
509 2292 647 2329 unicum,
1002 2291 1148 2332 Recipiet
1171 2302 1191 2324 a
1217 2292 1363 2336 Domino,

294 2338 335 2371 Ut
363 2339 403 2369 sit
431 2338 506 2368 mihi
533 2338 688 2379 remissio,
1000 2340 1082 2371 Boni
1109 2340 1260 2372 bonorum
1287 2343 1413 2382 gaudia,

291 2386 380 2426 Quod
407 2390 438 2417 te
459 2395 536 2425 prae
553 2386 697 2418 omnibus
714 2395 843 2427 quaem.
1001 2387 1081 2419 Mali
1106 2388 1260 2420 malorum
1286 2391 1440 2430 praemia.
