1651 2680
685 101 730 109 --
780 82 945 118 334——

160 183 212 216 11.
241 183 328 214 Inter
353 184 478 214 nostros
503 180 632 220 quidam
658 180 750 220 taleS‚

240 232 323 268 Quos
349 237 546 261 nummorum
572 228 728 267 speciales

289 277 434 309 Cultores
461 276 674 317 cognovimus,

240 326 333 367 Quos,
361 327 395 356 ut
422 323 548 355 bursam
576 324 730 355 satiarent

242 373 283 404 Et
310 380 477 404 crumenae
503 371 608 402 cibum
636 372 760 411 darent,

286 421 431 452 Ieiunare
458 419 603 451 vidimus.

158 612 211 643 12.
236 611 353 642 Vinum
371 614 512 651 servant,
539 610 653 641 bibunt
669 609 780 641 villum

239 659 281 690 Et
308 658 501 689 manducant
525 667 640 697 panem
666 658 766 695 illum,

285 707 344 745 Qui
372 705 539 736 damnatur
565 704 698 745 furfure,

238 754 297 792 Qui
323 757 470 793 potantes
497 762 605 784 servos
631 756 752 792 notant,

238 801 319 833 Nam
330 803 356 832 si
367 801 439 841 plus
450 810 542 840 quam
552 810 615 832 sem
621 802 648 832 el
657 803 779 840 potant,

286 849 357 881 Non
384 853 430 879 est
457 849 524 880 sine
550 858 719 882 murmure.

157 992 212 1025 13.
240 992 282 1023 Hi
301 1002 361 1024 non
381 996 503 1033 cenant,
533 993 581 1022 vel
601 992 636 1032 si,
663 1000 779 1029 rarum,

236 1040 278 1070 Hi
305 1050 366 1071 non
385 1039 507 1077 bibunt,
532 1040 581 1070 vel
600 1040 637 1078 si,
657 1048 778 1078 parum,

285 1087 400 1118 Dicunt
429 1096 497 1118 esse
521 1088 706 1127 physicum3

238 1136 307 1166 Hoc
332 1136 453 1174 ignoro,
480 1139 585 1165 utrum
613 1138 764 1165 ventrem.

238 1182 300 1213 Sed
315 1183 373 1214 hoc
383 1182 458 1219 scio,
475 1183 558 1221 quod
571 1192 632 1213 non
642 1185 778 1213 mentem

284 1231 381 1263 Curat
406 1230 492 1260 istud
518 1230 686 1261 modicum.

153 1372 208 1404 14.
237 1373 348 1402 Vestes
375 1371 491 1402 habent
519 1376 675 1404 vetustate

236 1419 301 1450 Iam
329 1423 543 1458 consumptas
570 1428 631 1450 non
657 1422 761 1450 aetate

281 1467 423 1498 Iuniores
450 1466 596 1502 Nestore,

236 1516 358 1545 Aevum
384 1523 517 1552 quorum
544 1515 635 1545 homo
661 1514 762 1545 nescit

234 1561 305 1592 Nisi
333 1562 410 1600 Noe,
439 1562 489 1600 qui
518 1561 574 1592 has
601 1563 697 1601 gessit

282 1609 325 1640 Et
350 1610 382 1640 in
408 1609 462 1640 illo
488 1614 640 1648 tempore.

155 1753 207 1784 15.
234 1753 333 1784 Immo
360 1752 434 1792 pilis
459 1753 521 1783 iam
548 1753 715 1792 privantur

233 1800 277 1832 Ut
302 1801 439 1832 clamare
464 1800 652 1832 videantur:

280 1848 389 1880 Nolite
415 1857 464 1879 me
490 1852 640 1889 tangere3

233 1898 370 1935 Quarum
397 1899 505 1934 partes
530 1896 593 1927 iam
620 1897 761 1928 dissutae

235 1944 311 1975 Pilis
337 1948 457 1982 carent,
484 1944 579 1975 immo
603 1949 683 1979 cute,

281 1992 399 2023 Carent
423 1992 508 2022 omni
532 1991 673 2024 foedere.

153 2134 206 2166 16.
232 2135 369 2173 Quorum
396 2138 500 2165 tamen
527 2144 601 2166 usus
628 2144 730 2172 rarus,

234 2181 304 2213 Nisi
328 2182 455 2222 quando
482 2183 550 2214 dies
577 2183 681 2214 clarus

283 2230 340 2262 Vel
367 2228 466 2261 festus
492 2230 664 2268 institerit;

231 2278 315 2309 Istas
341 2280 454 2319 vestes,
481 2278 509 2309 si
534 2282 569 2310 tu
594 2283 695 2320 notes,

231 2325 412 2366 Diligenter
434 2325 517 2357 scire
542 2330 647 2366 potes,

281 2374 395 2407 Utrum
420 2371 535 2405 festum
562 2373 669 2407 fuerit.

841 179 858 212 l
865 181 882 213 7
888 205 896 212 .
911 179 991 212 Sunt
1000 179 1054 220 qui
1060 187 1220 210 nummum
1228 187 1291 210 non
1298 178 1473 212 attendunt

911 227 974 259 Sed
981 236 1051 259 cum
1059 227 1139 259 Iuda
1145 227 1307 259 Christum
1315 227 1468 268 vendunt,

972 275 1091 307 Emunt
1115 275 1287 314 spiritalia,

924 323 1077 356 Nummos
1119 326 1286 362 quaerunt,
1324 331 1468 354 nummos

1182 374 1291 402 amant

910 419 951 450 Et
975 419 1008 450 in
1033 418 1130 450 missa
1151 427 1295 450 nummos
1315 418 1466 456 clamant,

958 466 1030 498 Non
1056 466 1176 498 Christi
1204 466 1373 506 magnalia.

840 609 896 641 18.
909 610 1049 649 Quorum
1073 609 1170 641 missa
1195 614 1397 651 quaestuosa,

911 657 1079 689 Nummum
1106 666 1226 688 venans
1252 662 1466 697 monstruosa,

957 705 1057 737 Trina
1081 713 1193 744 gerens
1221 705 1339 744 capita,

909 753 1041 784 Missam
1060 756 1226 793 quaerunt,
1245 756 1280 784 ut
1301 756 1466 794 venentur,

910 800 982 832 Non
1011 804 1047 832 ut
1074 799 1235 831 Christum
1262 803 1454 832 venerentur

958 849 1017 880 Vel
1042 851 1075 880 ut
1101 848 1227 879 solvant
1253 848 1372 881 debita.

843 991 896 1024 19.
914 990 1109 1023 Profitentur
1134 991 1262 1030 quidem
1288 992 1384 1034 leges,

909 1039 1006 1078 Legis
1031 1043 1137 1070 tamen
1163 1043 1235 1070 sunt
1262 1039 1401 1079 exleges,

958 1087 1043 1118 Dum
1071 1086 1211 1117 vendunt
1237 1087 1414 1118 scientiam.

911 1134 1035 1165 Donum
1061 1133 1123 1165 Dei
1148 1135 1305 1175 spiritale,

910 1182 1000 1220 Quod
1027 1186 1189 1220 exponunt
1213 1186 1247 1213 ut
1273 1183 1386 1214 venale

958 1230 1112 1262 Venando
1138 1230 1316 1268 pecuniam.

836 1372 890 1403 20.
907 1372 965 1403 Isti
991 1371 1133 1403 vendunt
1159 1373 1327 1403 veritatem

905 1419 948 1450 Et
974 1418 1153 1450 defendunt
1179 1419 1355 1451 falsitatem

954 1468 1071 1498 Amore
1096 1468 1262 1506 pecuniae,

904 1514 1002 1554 Apud
1027 1516 1105 1546 istos
1131 1516 1175 1546 nil
1202 1519 1332 1554 perorat

905 1562 976 1593 Nisi
1002 1571 1156 1603 nummus,
1184 1572 1276 1602 quem
1303 1563 1417 1595 adorat

953 1609 1068 1641 Servus
1095 1611 1260 1643 avaritiae.

834 1754 889 1784 21.
905 1753 1040 1792 Quidam
1064 1753 1191 1784 morbos
1217 1756 1287 1785 arte
1313 1757 1437 1795 curant,

906 1801 987 1832 Dum
1015 1809 1127 1833 curare
1153 1810 1223 1832 sese
1245 1805 1358 1833 curant

951 1850 980 1880 A
1007 1848 1118 1880 morbo
1144 1850 1307 1889 penuriae,

904 1898 988 1935 Quos
1017 1900 1190 1936 paupertas
1217 1907 1278 1929 non
1305 1900 1447 1938 excusat,

903 1946 1003 1975 Amor
1029 1944 1146 1976 nummi
1173 1954 1252 1985 quos
1279 1950 1409 1977 accusat

952 1992 997 2023 Et
1021 1991 1091 2023 sitis
1115 1993 1283 2032 pecuniae.

835 2136 890 2169 22.
905 2136 1009 2175 Saepe
1035 2138 1148 2167 curant
1174 2140 1411 2178 paupertatem,

905 2182 969 2215 Sed
994 2183 1120 2215 infirmo
1145 2183 1316 2216 sanitatem

953 2231 1040 2263 Raro
1065 2230 1173 2262 valent
1198 2232 1346 2272 reddere,

905 2279 1056 2311 Ventrem
1074 2283 1210 2320 movent,
1234 2289 1270 2311 os
1294 2284 1330 2312 ut
1345 2283 1462 2322 vomat,

904 2326 949 2358 Et
972 2331 1010 2359 ut,
1033 2335 1177 2359 nummos
1202 2327 1302 2360 bursa
1325 2331 1466 2370 promat,

956 2375 1090 2407 Bursam
1118 2378 1233 2414 cogunt
1257 2385 1416 2416 promere.
