1651 2680
656 129 702 134 -
755 109 822 144 157
857 83 918 134 '-

203 203 244 230 11.
286 201 312 236 1,
327 201 341 230 1
364 203 537 232 wiederholt
561 205 625 232 sich
646 205 729 232 nicht
748 206 780 232 B.
796 219 831 224 ——
850 204 873 237 1,
892 204 910 232 4
932 214 989 240 quo
1011 205 1165 232 deveniam
1186 206 1218 233 B.
1232 218 1263 223 --
1287 202 1311 236 l,
1325 202 1343 230 5
1364 203 1451 230 venio

125 241 312 270 revocandus
333 242 365 269 B.
385 255 421 260 —
442 242 498 270 Str.
520 241 538 270 2
562 243 636 271 fehlt
657 245 690 270 Α.
711 259 748 263 -
769 241 796 277 3,
818 242 835 270 2
857 245 889 271 Si
911 247 1048 279 pereunt,
1077 244 1102 269 si
1124 253 1182 271 non
1204 245 1335 277 tei-eunt,
1362 249 1450 277 quae-

126 281 554 350 cunqffictexll'enlmzig-ierhon
575 319 638 346 sich
660 320 741 347 nicht,
762 322 793 347 B.
811 335 843 339 —
861 321 918 347 Str.
943 319 956 347 1
979 320 1052 347 fehlt
1068 321 1099 347 B.
1115 335 1149 340 —
1166 319 1192 352 ⁶2,
1211 320 1228 347 5
1243 329 1289 347 me
1303 320 1450 359 sitientem

125 357 159 424 ἒ.
173 357 300 423 ἑ-217931-
320 355 348 389 3,
375 355 407 383 2:
438 359 533 385 Mater
560 362 642 385 casta
665 359 713 393 pia
741 362 795 385 etc.
818 359 872 385 wie
904 362 991 385 unten
1014 359 1065 391 V.;
1088 358 1267 394 Zeilenfolge
1289 359 1321 385 in
1341 359 1398 384 Str.
1420 356 1450 381 22:

145 416 152 429 2
193 415 200 427 ἲ
242 415 248 427 Ι
311 397 342 423 B·

203 431 252 461 IV.
296 433 319 463 1,
345 433 356 460 l
380 434 550 461 wieder-holt
573 435 634 461 sicli
657 434 739 461 nicht
760 435 792 461 B.
812 449 845 452 —
863 435 923 461 Vor
949 434 972 465 1,
998 434 1016 461 2
1037 434 1115 461 steht
1135 434 1162 467 4,
1183 434 1200 461 3
1224 436 1254 461 B.
1272 450 1307 454 -—
1324 434 1348 466 1,
1370 432 1387 460 3
1409 434 1452 460 De

128 472 259 508 maligna
283 471 318 499 de
346 476 426 508 peste
455 473 584 509 benigna
611 478 747 509 metuque
768 474 799 499 B,
822 488 857 491 —
883 472 910 504 1,
933 472 952 499 4
974 473 1078 499 Vestra
1108 473 1238 500 mamilla
1266 473 1297 499 B.
1320 487 1356 492 -
1380 472 1410 504 1,
1435 471 1452 497 5

128 512 184 546 Qui
213 511 248 538 B.
270 526 303 529 ——
324 509 354 543 ⁴2,
376 508 394 537 3
422 513 527 546 premit
555 512 663 546 ubique
693 512 725 537 B.
747 526 781 530 —
804 510 836 543 2,
858 511 875 538 5
906 515 999 538 mater
1026 511 1147 538 lionoris
1177 512 1210 537 B.
1232 525 1269 528 —-
1289 509 1323 543 3,
1345 509 1362 537 2
1385 511 1452 537 Dux

128 550 282 581 orborum,
307 549 367 576 dux
390 550 421 575 B.
444 564 477 568 —
501 549 526 581 3,
550 548 567 576 5
588 550 741 585 dulcisque
765 551 795 576 B.
818 564 853 567 —
876 549 907 582 4,
926 548 945 576 4
967 549 1025 575 und
1047 548 1064 575 5
1088 549 1255 585 umgestellt
1275 550 1308 576 B.
1331 563 1366 567 —
1387 548 1414 580 4,
1435 548 1452 573 5

130 588 306 624 praefortem
330 589 359 614 Β.

204 627 240 652 V.
282 625 306 657 1,
331 625 344 652 l
366 626 448 653 nicht
468 626 641 653 wiederholt
663 627 697 652 B.
713 640 748 644 —
763 625 790 657 4,
812 625 830 652 4
850 626 923 653 fehlt
946 626 977 651 B.
996 641 1031 645 —-
1048 625 1089 651 VI
1112 626 1169 652 und
1184 626 1241 652 vn
1257 625 1354 652 fehlen
1370 626 1400 651 B.
1416 640 1451 643 -

129 665 170 692 lv
194 665 269 692 steht
291 665 398 691 bereits
419 665 510 692 allein
531 673 585 691 aus
607 665 730 691 andei-er
751 664 854 698 Quelle
876 664 961 690 Anal.
985 663 1109 690 xxxu.
1134 662 1195 690 163.

507 776 570 807 1⁰4.
610 776 652 807 De
674 776 772 807 Beata
793 775 894 806 Maria
918 774 1059 814 Virgine.

264 849 294 881 1.
324 848 421 886 Virgo
448 848 508 880 Dei
533 849 678 887 genetrix
706 848 878 887 mundique
904 851 1017 887 potens
1044 848 1237 885 reparatrix,

323 895 445 937 Regula
474 897 611 929 virtutis,
641 896 741 927 divini
767 894 869 927 forma
899 895 1034 933 decoris,

321 944 369 975 Tu
396 946 517 983 primos
544 944 670 984 lapides
697 944 785 975 vario
811 943 983 983 splendore
1010 943 1163 974 micantes

321 992 466 1024 Excellis
492 993 606 1023 merito
630 993 799 1032 signasque
827 992 941 1023 decore
968 995 1110 1023 venusto.

265 1075 296 1107 2.
324 1073 471 1113 Iaspidis
498 1075 652 1113 insignem
680 1073 755 1104 fidei
782 1074 901 1104 virtute
929 1073 1064 1103 virorem

326 1121 489 1160 Exprimis
516 1122 682 1161 imprimis,
712 1122 784 1152 hinc
810 1121 909 1161 prolis
937 1121 1055 1151 honore
1083 1120 1198 1160 bearis⁷

325 1170 383 1209 Qui
411 1176 500 1201 vetus
526 1179 544 1201 a
570 1170 689 1209 populo
715 1170 809 1200 solvit
836 1169 1026 1208 phantasma
1054 1169 1230 1209 redempto.

266 1253 296 1284 3.
325 1252 404 1291 Spes
430 1252 462 1283 in
490 1251 636 1283 caeruleo
662 1256 694 1282 te
722 1251 814 1282 vestit
845 1251 963 1281 honore
988 1249 1155 1289 sapphiro,

321 1300 407 1338 Quae
434 1301 517 1340 regis
544 1304 645 1330 mater
672 1308 742 1330 cum
769 1299 952 1338 virginitate
979 1298 1130 1337 refulges,

322 1347 426 1387 Digna
453 1348 514 1380 Dei
540 1348 620 1379 solio
646 1348 798 1386 caeloque
824 1347 967 1377 serenior
994 1346 1073 1385 ipsc.

264 1432 296 1462 4.
323 1429 497 1468 Tamquam
525 1429 697 1462 chalcedon
725 1429 871 1459 caelestis
898 1427 1029 1459 canduit
1055 1428 1153 1459 ardor

323 1478 359 1509 In
387 1482 428 1519 te,
457 1478 550 1509 stella
576 1477 685 1517 maris⁷
711 1476 812 1508 divini
838 1476 1005 1515 exemplar
1030 1477 1157 1517 amoris,

323 1526 410 1565 Quae
436 1526 571 1567 pulchra
596 1530 631 1556 ut
658 1526 733 1556 luna
759 1534 802 1564 es5
826 1533 883 1556 ceu
909 1524 956 1555 sol
984 1524 1085 1555 electa
1113 1523 1262 1564 refulges.

268 1610 300 1640 5.
327 1606 472 1639 Herbida
499 1608 661 1639 vernantis
688 1607 812 1646 species
839 1612 869 1637 et
895 1611 987 1645 grata
1012 1606 1201 1646 smaraydis

328 1655 394 1686 Nec
419 1656 590 1688 mediocris
616 1655 716 1687 honos
743 1661 774 1685 te
800 1655 965 1694 prospicit,
994 1654 1105 1684 inclita
1131 1655 1231 1694 virgo,

329 1704 415 1742 Quae
442 1704 512 1735 fons
539 1704 682 1743 signatus
711 1712 825 1734 vernas
852 1703 1019 1733 conclusus
1046 1707 1079 1732 ut
1106 1701 1229 1734 hortus.

270 1788 300 1818 6.
330 1785 442 1818 Gratia
467 1787 617 1819 sardonii
644 1791 675 1817 te
702 1787 805 1826 signat
833 1785 953 1817 honore
979 1783 1128 1825 triformi,

330 1834 425 1866 Cuius
451 1845 540 1867 mens
567 1835 696 1866 humilis
724 1834 893 1865 candentia
920 1832 988 1863 lilia
1015 1833 1123 1871 vineit,

328 1883 498 1915 Pulchrior
523 1885 593 1923 ipsa
621 1883 702 1914 rosis
729 1882 820 1913 niveo
847 1881 1021 1921 splendore
1048 1881 1191 1919 pudoris.

270 1966 300 1997 7.
327 1965 468 1998 Sardius
495 1975 533 1997 ex
562 1969 628 1997 toto
654 1964 747 1996 rubet
774 1968 807 1995 ut
834 1973 928 1994 cruor
953 1962 1066 1994 ordine
1092 1966 1193 2001 sexto,

329 2015 398 2054 Quo
425 2014 533 2046 rubuit
557 2014 703 2047 Christus
730 2013 805 2044 hora
834 2016 925 2043 sexta
952 2010 1133 2051 crucifixus,

326 2063 363 2094 In
389 2071 451 2102 quo
477 2071 673 2103 purpuream
699 2061 844 2092 meruisti
870 2068 965 2099 passa
991 2067 1150 2092 coronam.

273 2146 303 2178 8.
331 2145 440 2177 Aurea
465 2143 652 2185 chrysolithi
677 2147 709 2174 te
735 2142 839 2174 forma
864 2146 954 2173 notat
980 2140 1127 2180 speciosi,

329 2193 431 2233 Quod,
460 2193 582 2226 Christi
609 2192 765 2232 genetrix,
793 2200 901 2230 regum
930 2189 1038 2229 regina
1065 2189 1223 2228 probariS,

334 2241 431 2273 Cuius
458 2251 492 2273 es
518 2251 537 2273 a
564 2241 687 2272 dextris
712 2239 824 2271 induta
851 2238 1040 2278 cycladibus
1066 2238 1182 2270 aureis.

269 2324 301 2356 9.
330 2323 499 2364 Limpidus
526 2327 556 2355 et
583 2331 681 2362 purus
707 2330 765 2353 ceu
791 2321 837 2352 sol
861 2321 893 2352 in
919 2328 1001 2359 aqua
1027 2319 1172 2352 radiatus

328 2371 433 2412 Digne
460 2370 625 2404 confertur
650 2369 720 2409 tibi,
747 2369 836 2410 virgo
862 2368 978 2406 Maria,
1006 2366 1144 2407 berillus,

329 2419 427 2452 Cuius
454 2420 495 2452 ab
520 2421 644 2452 intacta
669 2419 716 2450 sol
740 2417 882 2450 iustitiae
909 2416 1003 2447 micat
1029 2416 1113 2449 aula.
