1651 2680
347 195 378 227 8.

320 691 370 722 10.

319 939 372 971 11.

717 97 882 132 —258
933 116 976 122 —

403 192 567 223 Laudibus
592 193 732 224 aeternis
757 193 845 224 caelo
871 192 1045 225 celebraris
1070 197 1103 224 et
1127 193 1223 235 arvis,

401 239 496 271 Cuius
520 240 682 278 maiestas,
710 249 824 272 nomen
850 240 1040 281 simulatque
1065 244 1208 280 potestas

403 287 533 319 Cunctis
559 287 737 325 clarebunt,
765 288 839 319 dum
867 293 973 320 terrea
998 297 1095 329 regna
1119 287 1302 329 manebunt,

400 335 443 365 Et
468 335 494 365 si
521 335 709 375 transibunt,
736 340 843 368 tamen
872 336 956 368 haud
982 341 1036 368 tua
1062 334 1148 368 facta
1172 335 1335 376 peribunt.

402 439 525 479 Sponsa
550 439 610 471 Dei
638 441 752 482 magni,
780 441 833 480 qui
860 441 1007 474 Christus
1034 441 1161 478 dieitur,
1187 440 1262 480 agni

401 487 540 527 Virginis
566 492 660 527 atque
686 488 767 527 piae,
795 489 893 530 virgo,
922 498 1017 520 nurus
1042 492 1136 528 atque
1161 488 1295 527 Mariae,

401 534 451 567 Sis
477 544 628 574 praesens
654 537 738 576 genti
765 545 826 567 non
852 545 953 576 aequa
978 541 1064 568 sorte
1091 536 1211 567 dolenti

402 583 572 622 Menteque
600 585 723 624 devota,
750 592 830 623 quae
856 582 1029 624 fundimus,
1055 584 1165 623 accipe
1192 587 1275 615 vota.

402 689 621 720 Desolatorum
647 689 827 728 gratissima
851 698 925 728 spes
950 689 1125 720 animorum

400 738 505 775 Atque
530 736 729 768 laborantum
757 737 881 776 requies
907 741 948 778 te,
975 737 1071 774 lacta,
1098 740 1277 775 vocantum,

399 784 526 824 Martyr
551 790 582 814 et
606 784 749 825 insignis,
777 784 926 823 precibus
952 792 1098 815 moveare
1124 783 1277 822 benignis,

402 832 503 863 Huius
529 833 561 862 in
587 832 730 862 adversis
758 832 840 863 vitae
867 833 946 863 dans
972 840 1127 871 prospera
1153 831 1274 863 mersis.

399 938 483 975 Quos
510 937 646 967 titubare
673 937 773 978 vides,
799 941 830 967 te
856 937 1025 976 poscimus,
1055 935 1165 967 inclita
1191 935 1300 976 Fides,

402 985 597 1016 Conservarc
624 985 700 1015 velis
725 985 862 1025 illaesos,
893 985 980 1024 virgo
1007 984 1122 1021 fidelis,

402 1034 467 1063 Nos
495 1033 616 1063 validos
643 1041 700 1071 per
726 1037 756 1063 te
782 1032 862 1073 fieri,
889 1033 973 1072 quod
1001 1033 1116 1063 scimus
1143 1036 1265 1070 aperte,

401 1080 468 1111 Nec
495 1089 589 1119 preco
615 1079 769 1111 frustrata
795 1089 982 1119 quemquam
1009 1081 1087 1111 sinis
1114 1080 1160 1110 ire
1187 1083 1310 1110 vocata.

332 1186 384 1217 R⁰
413 1185 503 1216 Nunc
529 1185 647 1224 populo
674 1189 793 1215 maesto
819 1193 982 1223 praesens,
1009 1186 1062 1224 pia
1088 1187 1221 1223 martyr,
1250 1183 1373 1214 adesto.

310 1293 362 1322 12.

393 1291 438 1321 Te
466 1290 534 1320 nisu
562 1295 631 1319 toto
658 1290 793 1327 petimus
821 1298 888 1319 cum
917 1289 1054 1328 supplici
1084 1291 1168 1324 voto,

404 1337 445 1368 Ut
473 1337 523 1367 via
550 1337 676 1367 virtutis
702 1337 745 1366 sis
772 1336 862 1366 nobis
888 1341 982 1375 atque
1009 1335 1130 1371 salutis,

403 1383 456 1418 Et,
486 1384 569 1422 quod
597 1392 774 1423 peccamus,
801 1384 903 1414 solvat
929 1389 981 1415 tua
1008 1391 1094 1421 cura,
1121 1391 1278 1422 rogamus,

404 1431 563 1462 Praebens
590 1432 722 1461 tutelam
750 1431 873 1462 miseris
901 1438 1084 1470 necnonque
1110 1430 1276 1462 medelam.

309 1528 361 1559 13.
390 1526 525 1556 Vincula
551 1531 733 1556 nostrarum
761 1527 915 1557 dissolvat
943 1527 1157 1564 tristitiarum,

323 1767 377 1798 14.

322 2006 375 2038 15.

322 2244 374 2276 16.

403 1573 513 1604 Robur
539 1578 569 1604 et
594 1578 795 1613 augmentum
822 1579 875 1605 tua
903 1573 1058 1605 fortitudo
1083 1578 1273 1613 gementum,

405 1621 450 1652 Tc
476 1621 501 1651 si
528 1630 615 1652 mens
641 1625 710 1652 orat
734 1622 796 1660 pia.
824 1631 885 1652 non
914 1620 1066 1653 frustrata
1093 1621 1231 1659 laborat,

408 1670 451 1701 Ut
475 1678 572 1700 noxas
598 1669 711 1708 pleret,
739 1669 795 1700 sed
823 1670 904 1701 dico.
931 1670 958 1700 si
985 1679 1041 1701 sua
1067 1675 1198 1701 maeret.

404 1764 576 1795 Fortunam
604 1769 734 1801 maesto,
762 1764 922 1804 depressis
949 1766 1064 1804 gaudia
1090 1770 1229 1806 praesto,

404 1813 517 1844 Pacem
544 1812 690 1850 turbatis,
717 1813 876 1852 perversis
904 1813 965 1844 vim
992 1813 1132 1853 pietatis,

406 1860 532 1891 Pellens
558 1860 740 1899 languorem
767 1861 935 1892 malesanis
961 1866 1055 1901 atque
1081 1861 1233 1903 vigorem,

406 1908 577 1939 Exsulibus
605 1909 739 1947 patriam
767 1909 891 1939 stolidis
918 1914 1099 1949 rectamque
1125 1909 1279 1949 sophiam.

406 2005 540 2034 Virtutis
568 2013 660 2034 verae
687 2004 813 2042 cultrix,
840 2005 893 2044 pia
922 2005 1022 2045 virgo,
1049 2003 1178 2035 medere

405 2052 593 2082 Cunctorum
620 2052 738 2083 morbis
765 2062 822 2091 per
847 2053 976 2083 climata
1001 2053 1099 2084 totins
1125 2052 1212 2083 orbis

404 2100 525 2138 Perque
551 2104 637 2130 tuum
665 2109 777 2130 nomen
804 2104 924 2131 rectum
953 2101 1008 2132 des
1035 2098 1180 2132 omnibus
1205 2110 1308 2143 omen,

403 2146 554 2177 Gratibus
582 2148 744 2178 innnensis
770 2147 940 2178 celebreris
967 2148 1007 2179 ob
1034 2148 1097 2179 ista
1122 2149 1279 2186 repensis,

403 2243 556 2274 Adversis
584 2244 678 2274 rebus
704 2243 941 2282 praesentibus,
969 2244 1063 2282 alma,
1093 2242 1216 2281 diebus,

405 2290 509 2329 Virgo,
536 2296 622 2322 tuum
649 2292 770 2322 munda
790 2292 942 2330 templum
971 2292 1051 2324 dans
1077 2295 1190 2322 cuncta
1215 2292 1369 2332 secunda,

404 2337 529 2377 Expers
554 2339 714 2370 maeroris
738 2342 776 2369 ut
799 2337 913 2370 floreat
937 2339 1085 2370 omnibus
1109 2338 1209 2377 horis,

408 2386 543 2417 Iniciens
570 2392 712 2418 marsius
739 2396 830 2418 curas
854 2387 995 2426 pellatur
1020 2388 1155 2426 egestas
