1651 2680
698 101 956 137 -249—

178 196 211 228 3.
238 196 362 239 Gaude,
391 197 465 238 quia
490 195 611 230 ferrum
639 199 754 231 durum
873 202 904 234 4.
933 200 1055 240 Gaude,
1083 200 1158 240 quia
1184 198 1373 232 confortasti

238 245 381 286 Liquivit
405 250 442 277 ut
466 253 540 277 cera
565 255 680 286 purum
932 248 1076 289 Dagnum
1095 249 1227 288 luscum,
1253 256 1346 287 quem
1364 245 1484 279 sanasti

286 292 354 326 'ruo
381 293 615 333 deprecamine.
981 297 1059 330 Cum
1085 296 1188 328 lutoso
1213 296 1376 335 sanguine.

551 402 582 432 5.
612 399 735 441 Gaude,
764 402 853 433 caelo
881 401 1040 433 exaltatus

610 448 651 479 Et
679 448 709 479 in
738 450 856 481 mundo
883 449 1051 481 denotatus

662 497 850 528 Consolator
875 497 1015 536 inopum.

245 601 325 628 Orat.
348 608 399 626 ms,
421 599 651 627 Ultraiectinum
675 609 750 627 saec.
775 600 818 628 15.
860 601 930 628 stud.
954 601 1166 628 Nordkirchen.
1189 611 1209 627 s.
1233 611 1263 627 n.

567 822 635 853 206.
679 823 718 854 De
739 827 847 856 sancto
869 823 1102 864 christophoro.

573 953 652 991 Ave,
680 956 804 992 martyr
829 953 1069 993 Christophore‚

573 1000 633 1038 Qui
660 1008 764 1039 regem
793 1001 872 1031 caeli
899 1004 930 1031 et
956 1005 1061 1032 terrae

574 1047 651 1078 Tuis
678 1052 786 1088 portas
813 1049 845 1079 in
870 1049 988 1079 umeris

572 1096 635 1126 Per
661 1104 758 1135 aquas
786 1096 848 1127 diri
874 1094 1022 1131 fluminis,

571 1143 641 1174 Duc
667 1152 724 1174 nos
750 1152 809 1182 per
833 1143 947 1175 fluctus
973 1143 1103 1180 saeculi,

571 1191 620 1222 Ne
648 1192 870 1231 demergamur
896 1190 1053 1231 naufragi,

572 1239 634 1272 Sed
663 1240 714 1270 fac
741 1248 799 1278 per
824 1242 957 1271 mortem
986 1239 1130 1279 corporis

571 1286 735 1318 Sociernur
761 1287 793 1318 in
821 1287 957 1326 superis,

245 1390 345 1417 Horae
368 1391 461 1417 BMV.
486 1390 522 1418 ad
544 1399 628 1417 usum
650 1392 844 1418 venetensem
867 1399 942 1417 saec.
968 1390 1009 1418 15.
1046 1391 1115 1419 Cod.
1131 1391 1334 1418 Vindobonen*
1361 1389 1442 1417 1919.
1459 1404 1494 1407 —

166 1426 183 1454 7
205 1429 262 1456 Sed
286 1429 332 1456 fac
352 1437 406 1455 nos
428 1438 487 1464 per.

559 1614 627 1645 207.
668 1614 710 1644 De
734 1618 843 1645 sancto
866 1613 1099 1654 Christophoro.

569 1743 594 1775 O
621 1746 732 1775 sancte
759 1743 1000 1783 christophore,

618 1795 742 1832 martyr
768 1792 841 1823 Iesu
866 1791 998 1833 Christi,

567 1840 626 1879 Qui
653 1849 712 1881 pro
739 1840 805 1872 eius
831 1840 959 1872 nomine

617 1897 737 1928 poenas
763 1888 937 1928 pertulisti,

569 1936 668 1976 Opem
695 1936 806 1968 confer
831 1936 956 1968 miseris

615 1989 711 2025 atque
737 1985 856 2016 mundo
882 1985 977 2025 tristi,

569 2033 630 2072 Qui
658 2033 806 2065 caelestis
833 2032 954 2073 gloriae

617 2091 715 2122 regna
740 2082 896 2114 meruisti.

241 2187 342 2214 Horae
371 2195 423 2214 ms.
451 2196 510 2215 sec.
537 2196 621 2214 usum
650 2187 754 2214 Sarum
783 2195 858 2214 saec.
890 2184 931 2212 14.
975 2187 1047 2214 (iod.
1075 2185 1148 2212 Con.
1179 2187 1245 2214 Iesu
1273 2187 1416 2214 Oxonieu.
1447 2185 1493 2214 32.

160 2226 195 2253 A.
217 2239 254 2245 —
276 2225 378 2252 Horae
406 2235 458 2253 ms.
485 2234 542 2252 sec.
565 2234 649 2252 usum
673 2226 778 2252 Sarum
800 2234 876 2253 saec.
901 2223 943 2251 15.
986 2225 1055 2252 Cod.
1078 2226 1222 2252 Oxonien.
1244 2227 1355 2252 Canon.
1378 2225 1493 2253 Miscel.

158 2262 205 2292 98.
233 2265 268 2292 Β.
300 2277 333 2284 --
360 2263 523 2297 Salieetus.
551 2263 771 2292 Antidotarium
799 2265 917 2291 animae
946 2265 1014 2300 imp.
1042 2264 1162 2299 Arg-ent.
1193 2262 1274 2292 1489.
1297 2265 1329 2291 C.
1351 2279 1387 2284 —
1410 2265 1491 2292 Anti<

162 2303 312 2331 dotarium
331 2304 448 2331 animae
462 2305 532 2339 imp.
548 2304 668 2339 Argent.
687 2300 769 2330 1491.
785 2303 820 2330 D.
842 2317 878 2322 —
897 2301 920 2329 1.
942 2304 967 2329 O
988 2303 1070 2335 fehlt,
1092 2302 1154 2335 AC;
1177 2303 1279 2331 Gaude
1294 2306 1395 2330 sancte
1410 2304 1440 2330 B.
1461 2317 1492 2321 —

159 2340 178 2370 3
209 2351 262 2379 pro
285 2340 396 2370 Christi
423 2343 543 2370 nomine
565 2344 596 2368 C.
619 2356 656 2361 —-
678 2341 761 2375 Quae
789 2342 926 2370 caelestis
951 2343 980 2368 Β.
1002 2357 1039 2360 -
1063 2343 1108 2369 An
1138 2341 1217 2369 diese
1239 2342 1340 2370 Zeilen
1361 2341 1495 2370 schliesst

161 2381 226 2409 sich
254 2382 287 2408 in
315 2380 395 2407 allen
423 2381 548 2415 Quellen
578 2379 770 2408 unmittelbar
797 2388 850 2408 an:
883 2380 1150 2416 christophori
1183 2382 1303 2409 sancti
1331 2382 1494 2416 speciem

157 2421 378 2457 quicunque
404 2423 547 2453 tuetur,
576 2419 662 2447 Anal.
690 2418 830 2452 XXXIII⁷
853 2420 903 2447 Nr.
927 2417 971 2446 75.
