1651 2680
174 170 230 201 35.

695 74 949 110 —142—

259 167 411 200 Com-erte
438 169 546 200 oculos
573 175 653 205 tuos,

257 216 298 248 Ut
327 218 416 248 Iesus
444 218 537 247 etiam
565 227 638 251 suos

257 264 374 296 Matris
401 273 489 295 more
514 265 555 296 ad
582 273 639 296 nos
665 270 782 305 vertat,

257 312 460 349 Dubitamus,
490 322 528 343 ne
554 318 689 353 avertat,

257 360 334 391 Tam
362 358 502 391 nefanda
527 365 601 391 sunt
627 366 744 400 errata,

305 412 391 446 Quae
418 412 592 446 patramus.

175 502 180 510 “
223 523 229 529 .
258 498 301 529 Et
328 508 366 529 ne
390 507 525 536 unquam
556 507 732 538 pereamus,

174 827 227 858 31.

173 1152 226 1183 38.

173 1477 227 1508 39.

171 1801 226 1831 4⁴1».

169 2124 224 2156 41.

258 546 321 576 Sed
349 554 459 576 secure
485 545 681 581 incedamus,

258 593 307 624 Da
333 592 434 631 nobis,
462 593 514 632 qui
542 602 598 625 nos
625 593 792 633 conducat,

257 641 302 672 Da
332 641 442 675 nobis,
476 642 528 679 qui
556 650 611 672 nos
637 642 791 680 pt-rducat

255 690 307 720 Ad
335 693 496 720 aeternum
527 690 614 720 illum
643 690 743 719 locum

306 736 460 768 Paradisi.

256 826 363 857 Iesum,
393 826 529 864 petimus
554 827 729 865 ductorem,

256 874 356 905 Tuum
387 873 535 910 fructum,
564 879 648 905 tuum
668 873 786 915 florem,

256 924 352 959 Quem
379 926 422 953 tu.
452 922 550 961 virgo.
578 922 772 962 germinasti,

255 969 302 1000 Tu
330 970 467 1009 lactasti,
496 970 650 1009 educasti,

258 1018 339 1048 Vera
366 1023 468 1048 mater
495 1026 601 1049 verum
629 1027 741 1057 agnum

302 1065 358 1096 Dei
389 1065 450 1095 vivi

254 1151 465 1182 Romalis-tuna
491 1155 520 1181 et
548 1151 722 1187 laudatum,

256 1200 432 1230 Coruscans
459 1203 487 1229 et
517 1199 682 1230 dilatatum

256 1246 329 1277 Fuit
356 1248 471 1280 lumen.
498 1247 581 1285 quod
609 1247 754 1286 portasti.

254 1294 302 1325 Tu
329 1303 384 1325 nos
411 1294 467 1325 illo
493 1294 653 1331 relevasti„

253 1342 311 1379 Qui
339 1351 463 1373 eramus
488 1341 661 1372 titubantes

305 1391 339 1420 ln
367 1389 516 1423 tenebris,

254 1474 435 1506 Fructum.
463 1484 553 1513 quem
581 1480 614 1506 tu
640 1474 786 1515 attulisti,

254 1526 351 1560 Quem
376 1527 421 1557 tu,
451 1524 537 1562 virgo
563 1523 709 1562 genuisti,

255 1569 345 1601 Nolis
370 1570 460 1601 nobis
488 1570 663 1610 denegare3

255 1617 340 1649 Tuus
368 1624 426 1653 est,
454 1622 487 1648 tu
513 1623 603 1657 potes
631 1619 717 1656 dare,

255 1665 307 1697 Ut.
338 1665 389 1705 qui
416 1674 523 1696 sumus
551 1667 786 1705 contristantes,

303 1714 524 1745 t'ollaetemur.

259 1799 386 1830 Ventris
413 1799 456 1829 tui
483 1799 636 1833 inviolati.

257 1847 436 1885 In‹·01·rupti
465 1850 495 1877 et
521 1849 649 1881 sacrati.

255 1899 410 1932 Quantum
438 1893 496 1925 fuit
523 1904 599 1926 arca
625 1895 730 1934 digna,

256 1943 368 1973 Patent
395 1942 484 1973 nobis
512 1943 600 1974 clara
624 1944 724 1982 signa,

254 1993 331 2022 Cum
358 1990 415 2021 sub
442 1990 497 2021 illa
525 1991 650 2022 clausus
678 1989 738 2022 fuit

303 2039 402 2069 Verus
430 2037 524 2069 Deus.

252 2124 315 2155 Tui
343 2131 419 2162 ergo
447 2124 527 2157 Iesu,
556 2128 667 2163 mater,

253 2171 311 2211 Qui
338 2177 446 2203 noster
472 2180 564 2202 verus
591 2178 639 2204 est
664 2174 765 2211 pater,

256 2219 396 2251 Ostende
424 2216 556 2250 vultum>
572 2219 738 2258 benignum

255 2267 365 2308 Nobis,
395 2266 453 2297 hoc
477 2267 535 2298 erit
564 2267 594 2298 in
622 2268 755 2306 signum,

255 2315 296 2348 Ut
325 2315 412 2354 velit⁷
440 2324 478 2345 ue
506 2316 751 2346 condemnemur

300 2363 335 2394 In
362 2367 534 2394 aeternum.

864 173 920 206 42.

864 501 920 534 43.

858 1153 913 1184 45.

858 1477 914 1508 46.

858 2125 914 2157 48.

947 171 1049 204 Nobis
1074 176 1109 204 tu
1134 173 1231 205 debes
1256 181 1408 206 amorem.

947 218 1104 261 Solamen,
1130 229 1232 262 opem,
1261 220 1435 259 dulcorem,

948 267 1028 299 Cum
1053 268 1096 299 sis
1121 277 1199 301 vera
1222 271 1326 299 mater
1350 275 1482 309 nostra3

948 314 1048 346 Nobis
1073 325 1148 356 ergo
1171 315 1223 348 hic
1249 316 1443 352 demonstra,

947 363 1006 402 Qui
1031 363 1193 402 ploramus
1220 372 1289 394 cum
1316 364 1464 395 lamentis

996 410 1109 442 Casum
1136 415 1286 442 nostrum.

946 499 1024 531 Post
1050 505 1156 533 tantas
1182 501 1313 532 miseras
1340 510 1432 532 curas

946 547 1069 586 Nonne,
1097 549 1196 589 virgo,
1222 551 1256 578 tu
1280 557 1444 587 procuras,

946 594 989 627 Ut
1015 595 1091 626 laeti
1117 597 1243 627 tandem
1272 596 1437 627 vivamus?

946 642 1105 683 vivemus,
1131 644 1158 674 si
1183 643 1343 684 sapiamus

945 690 990 720 Te
1015 699 1141 730 semper
1165 699 1222 722 nos
1248 691 1402 723 edocente

991 738 1044 768 Ad
1070 739 1216 771 salutem.

909 852 916 859 .
943 827 1015 858 Hoc
1025 830 1148 866 tempus
1159 827 1250 859 nobis
1257 832 1305 858 est
1313 832 1477 866 maestum,

945 875 1076 916 Vanum,
1105 876 1197 908 triste
1223 878 1252 906 et
1279 876 1456 917 molestum,

944 923 979 953 In
1007 923 1151 954 convalle
1177 923 1380 954 lacrimarum

943 970 1046 1001 Multo
1072 971 1170 1010 magis
1197 974 1243 1000 est
1269 980 1423 1009 amarum,

943 1018 1023 1056 Quia
1049 1018 1164 1049 seimus
1190 1019 1383 1059 praeterisse

993 1066 1026 1096 In
1054 1066 1204 1104 peccatis.

941 1151 1085 1182 Erillum
1115 1157 1144 1182 et
1173 1151 1310 1189 dolores,

942 1199 1066 1238 Longas
1093 1200 1201 1231 clades
1228 1203 1259 1230 et
1285 1199 1412 1231 labores

942 1247 1029 1278 Passi
1056 1257 1162 1278 sumus
1187 1248 1220 1278 in
1246 1247 1306 1278 hac
1329 1247 1406 1285 vita,

941 1294 1004 1326 Sed
1032 1299 1062 1325 te
1087 1295 1215 1326 iuvante
1241 1294 1332 1326 finita

941 1342 1042 1373 Erunt
1070 1343 1153 1373 mala
1178 1346 1291 1373 cuncta
1318 1348 1428 1374 nostra

990 1389 1169 1422 Moriendo.

941 1474 1085 1515 Ostende,
1115 1480 1216 1507 mater
1241 1474 1386 1515 benigna⁷

943 1522 1049 1554 Ubera
1074 1528 1128 1554 tua
1154 1529 1217 1554 tam
1245 1523 1350 1563 digna,

941 1570 1091 1609 Ostende,
1118 1580 1209 1610 quem
1234 1571 1444 1603 lactaverunt.

943 1617 1057 1648 Hostes
1082 1619 1183 1649 nostri
1208 1619 1270 1650 iam
1297 1618 1456 1662 fugeruut,

943 1665 1084 1696 Scientes
1109 1676 1166 1697 nos
1193 1666 1379 1705 clippeatos.

991 1713 1024 1744 Si
1051 1714 1204 1746 videmus.

908 1824 915 1831 .
943 1798 969 1830 O
995 1804 1111 1838 quanta
1137 1809 1244 1832 sumus
1271 1801 1426 1840 perpessi‚

943 1847 1047 1886 thue
1073 1854 1203 1879 mortem
1230 1848 1290 1879 iam
1320 1847 1448 1889 defessi,

942 1895 1043 1934 Virgo
1070 1902 1242 1935 materque,
1270 1900 1436 1935 sperantes

943 1943 1100 1981 Quamdiu
1126 1952 1232 1974 sumus
1256 1945 1448 1983 exsulantes,

944 1990 997 2021 Nil
1025 1991 1124 2030 magis
1151 1991 1303 2022 habemus
1328 1991 1413 2032 boni,

989 2042 1087 2076 Quam
1114 2048 1202 2078 spem
1228 2039 1327 2071 illam.

944 2123 1103 2164 Clemens,
1130 2125 1193 2164 pia,
1222 2125 1334 2167 dulcis,
1362 2135 1452 2166 pura,

942 2171 1013 2203 Non
1039 2173 1176 2212 ignoras,
1203 2178 1324 2217 quanta
1350 2182 1425 2206 cura

942 2219 1125 2259 Indigemus
1151 2221 1192 2252 ad
1219 2221 1364 2264 salutem,

941 2268 971 2298 A
999 2268 1173 2300 visceribus
1200 2269 1231 2299 in
1259 2274 1361 2301 cutem

943 2315 1063 2347 Cuncta
1089 2321 1161 2348 sunt
1187 2316 1279 2348 nobis
1305 2321 1444 2361 aegrota,

989 2363 1021 2395 Si
1048 2373 1110 2396 non
1136 2373 1240 2398 sanas
