1651 2680
635 109 897 144 —129—

187 200 270 229 Orat.
292 211 343 230 ms.
360 202 388 230 S.
404 203 484 230 Petri
499 203 702 238 Salisburgen.
718 213 795 233 saec.
811 204 853 233 15.
879 205 949 232 Cod.
966 206 1073 233 Petu-in.
1090 214 1105 232 a
1122 206 1165 232 111
1192 204 1236 233 ΞΟ.
1253 207 1285 233 Α,
1301 218 1336 222 -
1352 204 1432 231 Orat.

108 250 162 269 ms.
190 240 219 268 S.
241 241 319 268 Petri
345 250 420 269 saeC.
452 240 494 268 14.
523 239 566 277 [et
595 240 660 278 15.].
702 242 772 271 Cod.
794 244 903 272 Petrin.
925 254 943 271 a
965 245 977 271 I
999 244 1035 272 20
1068 245 1096 271 Β.
1121 258 1158 262 —
1182 243 1213 275 2,
1242 243 1260 271 4
1281 243 1432 280 profundis

108 280 168 308 AB.
191 295 226 298 —
249 277 282 313 5,
314 278 325 306 1
349 280 444 308 Certis
465 281 498 306 A.
523 295 556 299 —
583 280 632 314 13,
661 279 678 308 6
700 282 879 318 Compassae
905 284 981 310 sicut
1002 285 1034 310 Α.
1058 298 1092 302 -
1117 281 1165 314 18,
1194 282 1211 309 6
1233 283 1368 310 Vertetur
1389 291 1430 308 se-

107 317 221 346 cundus
247 321 277 344 et
306 319 337 345 A.
358 334 395 338 —
415 315 467 350 24,
495 317 512 345 5
543 320 602 346 Nec
629 319 715 355 eulpa
742 321 775 347 A.
797 335 834 340 —
855 318 905 352 32,
935 320 951 347 2
980 323 1110 348 suiturus
1134 324 1166 348 A.
1188 336 1224 339 —
1246 319 1296 350 33.
1326 319 1431 347 lTuni

107 357 141 384 A.
165 369 200 375 ·—
225 356 380 390 „Planctus
401 358 548 384 oratorius
569 358 723 385 cuiusdam
745 360 884 394 pauperis
906 359 941 386 ad
965 360 1078 386 beatam
1101 361 1255 395 virgin-3111.
1282 358 1373 385 tilium
1395 359 1430 386 de

108 403 193 423 eruce
216 394 381 430 depositum
402 396 487 430 quasi
509 397 576 423 sinu
597 398 770 424 tenentein.“
793 398 852 424 AB.

527 528 575 557 50.
619 527 659 557 De
681 528 705 557 V
728 528 893 560 Doloribus
915 529 1000 559 mlv.

125 618 157 650 1.
181 612 284 648 Maria
309 614 502 654 christifera,

231 664 325 696 Clara
351 663 446 695 stella
471 664 578 705 maris,

183 711 302 743 Salutis
327 720 497 751 puerpera,

231 760 340 791 Mente
367 759 555 795 vulneraris,

185 807 310 839 Simeon
338 808 410 839 dum
439 807 546 847 gladio

232 856 342 887 Mitem
370 861 401 887 te
427 859 456 885 et
483 855 632 887 blandam

179 903 299 935 Christi
323 904 362 936 de
389 904 548 944 supplicio

236 952 346 983 Prodit
373 952 612 992 perforandam.

123 1051 156 1082 2.
184 1047 279 1082 Alma
304 1053 417 1083 mater,
445 1052 575 1088 pectore

229 1097 378 1129 Maerore
403 1094 548 1127 confecto

181 1145 228 1176 Tu
253 1146 368 1176 amisso
394 1144 526 1184 pignore

225 1192 322 1224 Doles
348 1193 387 1223 de
412 1192 540 1229 dilecto,

175 1241 233 1279 Qui
259 1240 399 1273 laborem
426 1240 557 1272 abstulit

225 1289 339 1320 Mundi
365 1293 396 1320 et
421 1293 528 1320 reatus

180 1336 246 1367 Nec
272 1337 413 1369 dolorem
439 1337 545 1368 intulit

224 1385 295 1416 Tibi
323 1386 362 1416 de
388 1389 420 1416 te
445 1389 548 1418 natus,

121 1482 152 1514 3.
180 1477 267 1513 Rosa
292 1481 403 1521 spinae
426 1481 543 1516 nescia.

228 1528 334 1568 Spinis
360 1533 478 1569 puncta
502 1530 601 1569 doles,

180 1576 272 1613 Dum,
300 1578 352 1618 qui
379 1581 465 1609 tenet
492 1579 607 1615 omnia.

223 1625 305 1657 Cara
331 1630 384 1657 tua
409 1626 516 1664 proles

176 1673 205 1705 A
232 1673 367 1713 captivis
394 1674 561 1705 criminum

223 1720 396 1753 Nuntiatur
421 1726 520 1761 tenta,

177 1768 246 1801 Lux
272 1775 396 1802 secreta
423 1770 583 1802 hominum

221 1817 374 1850 Lustrans
403 1819 628 1851 circumventa.

811 620 842 652 4.
872 614 1038 650 lliustrata
1065 618 1174 649 iubare

920 666 1028 708 Sacro,
1056 676 1074 697 o
1100 675 1221 708 serena,

872 714 971 745 Passa
997 715 1065 745 sine
1092 723 1251 754 compare.

920 761 1017 792 Doles
1044 763 1112 794 Deo
1139 763 1242 803 plena,

872 809 969 848 Quem
997 809 1169 849 portabant
1194 811 1316 841 viscera

920 857 998 895 Tua,
1027 858 1138 889 videns
1165 863 1299 889 tensum.

873 904 989 936 Nostra
1017 911 1150 945 propter
1176 907 1297 937 scelera

919 953 955 984 In
981 954 1066 993 ligno
1092 963 1291 993 suspensum.

809 1052 840 1080 5.
868 1049 940 1087 Eia,
967 1049 1007 1080 de
1034 1049 1177 1088 patibulo

918 1097 1087 1128 Dominum
1116 1098 1266 1129 virtutum

869 1145 967 1183 Quam
995 1145 1149 1176 maerenti
1176 1146 1267 1177 oculo

916 1193 1045 1232 Aspicis
1072 1193 1220 1233 solutum⁷

867 1240 1000 1272 Factum
1028 1247 1060 1272 ut
1088 1251 1141 1272 vas
1168 1242 1329 1281 perditum

915 1289 1034 1321 Forma
1061 1290 1248 1328 speciosum,

866 1336 1008 1376 Darique
1037 1339 1216 1376 depositum

915 1385 1035 1416 Terrae
1062 1386 1255 1426 pretiosum!

833 1508 840 1514 ,
868 1479 1004 1515 A‹·erbis
1032 1482 1196 1514 doloribus

918 1530 975 1561 His
1003 1531 1247 1569 compatientem

870 1578 995 1610 Divinis
1023 1578 1207 1610 dulcoribus

918 1628 995 1658 Pota
1021 1626 1193 1665 sitientem,

867 1674 995 1706 Salvum
1024 1674 1074 1706 fac
1100 1675 1140 1706 ab
1167 1675 1278 1707 inferis

913 1723 1031 1754 Tecum
1059 1725 1269 1763 congaudere.

868 1770 978 1810 Regna
1005 1780 1113 1810 parem
1141 1773 1266 1811 superis

917 1820 983 1851 Poli
1011 1820 1187 1859 possidere.

177 1913 254 1940 Orat.
278 1923 329 1941 ms.
352 1915 380 1940 S.
404 1914 483 1940 Petri
505 1914 708 1949 Salisburgen.
733 1923 808 1941 saec.
834 1912 875 1941 15.
912 1914 981 1941 eod.
1000 1915 1107 1941 petrin.
1131 1916 1207 1941 :1111
1230 1914 1274 1943 20.
1291 1930 1325 1933 -
1342 1916 1423 1942 Nat—i.

103 1951 234 1979 Ausweis
255 1952 305 1980 des
329 1951 543 1980 Akrostichons
564 1954 686 1980 Maria
708 1953 814 1980 miii'ste
836 1954 893 1980 Str.
916 1951 933 1977 ἦ
955 1954 1070 1988 spatere
1093 1954 1179 1980 Zutat
1201 1955 1272 1980 sein.

535 2085 576 2116 81.
618 2086 658 2116 Do
681 2085 706 2115 V
731 2086 893 2117 voloribus
918 2085 1000 2115 mlv.

807 2180 838 2210 2,
865 2176 907 2207 Et
935 2177 1082 2207 collaudo
1110 2184 1300 2210 veneranter

864 2224 972 2264 Teque
999 2233 1110 2255 moneo
1136 2225 1303 2258 instanter.

913 2272 954 2305 Ut
983 2273 1062 2304 mihi
1088 2273 1130 2304 sis
1158 2274 1299 2307 adiutrix

115 2176 146 2208 1.
171 2175 233 2215 En,
261 2185 328 2217 ego,
355 2177 428 2218 heu,
457 2177 640 2214 viiissimus,

171 2223 253 2256 Prae
279 2226 402 2257 cunctis
429 2225 700 2267 despectissimus,

219 2272 328 2316 Virgo,
357 2277 460 2306 mater
485 2273 544 2305 Dei
571 2273 636 2313 pia,

170 2320 218 2355 Ob
244 2321 474 2362 quintuplicem
503 2322 624 2353 doloris
866 2321 900 2352 ln
929 2321 1175 2353 necessitatibus

170 2369 309 2402 Poenam
337 2369 444 2411 gravis
470 2374 500 2401 et
528 2369 682 2402 maeron's
864 2369 904 2400 Et
932 2369 1148 2402 anxietatibus

218 2418 393 2461 Deprecor,
422 2422 465 2456 te,
492 2418 608 2456 Maria,
912 2418 962 2450 Sis
990 2417 1080 2451 firma
1108 2419 1184 2450 mihi
1211 2421 1322 2453 tutrix.

152 2477 293 2505 Drevos,
317 2477 366 2500 Pia
384 2477 550 2501 Dictamina.
583 2476 644 2500 VII.
1233 2475 1250 2504 9
