1651 2680
701 108 960 145 —205—

201 198 235 230 3.
261 198 340 230 Eius
366 198 533 233 influentia

309 246 455 280 Vivimus
481 254 513 280 et
539 249 642 291 donis,

261 294 394 334 Angelis
421 297 565 336 potentia

312 344 480 376 Praesidet
507 349 538 376 et
564 345 699 391 thronis,

263 389 360 422 Nulla
387 391 568 425 differentia

307 438 554 479 Dominationis‚

260 486 350 519 Unus
375 486 408 519 in
433 490 573 520 essentia

305 535 422 568 Trinus
448 537 481 568 in
506 539 663 577 personis.

196 671 231 702 4.
254 668 390 700 Frustra
417 671 529 702 modus
556 673 722 711 quaeritur

305 716 540 757 Generationis,

257 765 338 797 Nam
366 774 523 805 quaerens
549 767 698 801 obruitur

306 814 404 853 Vigor
431 815 573 857 rationis,

255 861 330 893 Sola
354 861 435 894 fides
461 862 606 903 fungitur

302 910 341 941 Vi
367 911 578 951 probationis,

253 958 342 989 Haec
368 961 400 989 et
424 960 529 999 prima
555 961 686 999 ponitur

299 1007 379 1038 Pars
405 1008 569 1039 orationis.

191 1142 223 1173 5.
250 1141 275 1173 Ο
299 1140 553 1182 praedestinatio

298 1188 463 1222 Profluens
490 1190 636 1223 abunde!

249 1237 337 1268 Deus
362 1238 395 1268 in
409 1239 542 1278 *palatio

299 1285 436 1325 Virginis
462 1285 619 1319 fecundae

248 1330 450 1377 Incarnatur,
479 1336 562 1367 ratio

296 1381 446 1415 Nescitur
471 1389 503 1415 et
527 1384 614 1415 unde

247 1430 352 1462 Prolis
379 1433 421 1463 sit
447 1432 576 1464 donatio

295 1478 461 1512 Genetrici
487 1480 636 1514 mundae.

186 1611 218 1642 6.
246 1609 321 1641 Sola
346 1610 406 1642 scit
432 1612 619 1651 mysterium

291 1658 537 1697 Incarnationis,

245 1706 320 1739 Sola
346 1705 549 1748 refrigerium

289 1755 538 1796 Consolationis,

241 1803 316 1835 Sola
341 1805 547 1844 puerperium

288 1851 526 1891 Generationis‚

240 1900 336 1932 Cuius
363 1906 411 1932 est
436 1901 607 1941 imperium

287 1949 532 1981 Dominationis.

178 2081 211 2114 7.
238 2081 348 2113 Mater
373 2087 422 2113 est
448 2086 479 2113 et
507 2082 627 2113 dicitur

287 2129 384 2170 Virgo
409 2130 511 2170 prolis
537 2139 648 2172 purae,

237 2178 373 2211 Creator
397 2178 637 2219 transgreditur

282 2226 402 2267 Legem
429 2232 608 2268 creaturae,

235 2275 395 2316 Vincitur,
421 2285 484 2308 non
511 2274 653 2307 laeditur

284 2323 394 2356 Prima
419 2325 471 2356 lex
497 2327 644 2365 naturae,

232 2371 370 2405 Auctori
396 2372 585 2405 conceditur

282 2420 338 2454 Uti
362 2420 435 2461 plus
461 2429 555 2462 quam
582 2420 663 2452 iure.
703 2427 710 2435 '

896 207 929 239 8.
956 207 1055 246 Quam
1083 208 1160 240 felix
1188 207 1369 241 fecunditas

1003 256 1145 297 Virginis
1171 258 1360 296 praesentis,

955 303 1055 342 Quam
1083 314 1199 344 perpes
1226 305 1394 346 integritas

1003 351 1119 384 Matris
1145 353 1311 396 parientis,

953 398 1050 437 Quam
1079 409 1166 432 mera
1192 401 1382 439 simplicitas

1001 447 1124 486 Angelo
1150 448 1322 486 credentis,

952 496 1052 532 Quam
1079 496 1159 536 regit
1187 496 1349 528 humilitas

1000 542 1211 582 Incorruptae
1237 545 1370 576 mentis!

890 676 921 709 9.
951 676 1076 708 Cellula
1101 677 1234 714 vinaria,

998 724 1083 755 Rosa
1109 724 1177 755 sine
1203 724 1306 764 spina,

948 771 1038 803 Evae
1064 777 1098 803 tu
1125 772 1295 810 contraria,

997 821 1059 851 Per
1084 826 1115 850 te
1142 820 1192 850 lex
1221 820 1340 861 divina,

946 868 1059 898 Virtus
1086 867 1272 907 multifaria,

995 915 1159 955 Virginum
1185 917 1305 955 regina,

947 963 1049 995 Stella
1075 964 1247 995 marinaria

993 1011 1126 1051 Luxque
1152 1012 1318 1044 matutina.

859 1146 913 1180 10.
941 1145 1149 1178 Praeclusisti
1177 1146 1315 1187 devium,

990 1193 1088 1232 Virgo
1113 1194 1294 1235 singulariS,

942 1242 1125 1282 Concepisti
1153 1244 1327 1281 praemium

988 1290 1080 1321 Vitae
1107 1290 1274 1330 spiritaliS,

938 1338 1059 1370 Ducem
1087 1339 1170 1370 vitae
1198 1339 1373 1379 praevium,

986 1387 1072 1418 Aula
1090 1387 1265 1426 virginalis,

941 1434 1062 1466 Contra
1088 1436 1199 1465 mortis
1227 1435 1367 1466 taedium

988 1483 1121 1522 Virgula
1148 1483 1298 1516 vernalis.

856 1613 912 1647 11.
939 1613 987 1644 Tu
1014 1621 1048 1643 es
1074 1613 1138 1644 oris
1165 1613 1320 1651 osculum,

988 1661 1087 1692 Plena
1113 1662 1256 1697 caritate,

937 1709 1061 1740 Mundo
1089 1709 1168 1740 dans
1195 1710 1413 1749 spectaculum

984 1757 1062 1789 Cum
1090 1757 1298 1800 humanitate,

935 1804 1019 1836 Solis
1044 1806 1285 1837 tabernaculum

983 1853 1070 1885 Mira
1096 1854 1254 1891 claritate,

934 1901 997 1933 Dei
1024 1901 1241 1933 habitaculum

981 1949 1077 1981 Salva
1105 1951 1262 1982 castitate.

853 2082 906 2114 12.
937 2081 983 2112 Te
1009 2084 1191 2112 sanctorum
1219 2082 1356 2120 populus

981 2128 1076 2162 Canit
1101 2130 1134 2161 in
1160 2130 1341 2169 scripturis,

933 2177 1048 2209 Nullus
1073 2182 1166 2209 vacat
1193 2178 1315 2210 loculus

979 2225 1084 2265 Signis
1110 2229 1166 2257 aut
1194 2225 1315 2267 figuris,

932 2274 976 2305 Es
1004 2274 1144 2314 exempli
1170 2273 1302 2306 baculus

978 2321 1078 2354 Novis
1105 2326 1137 2353 et
1162 2321 1289 2362 futuris,

929 2371 1017 2402 Tuae
1043 2370 1148 2403 laudis
1174 2371 1287 2404 titulus

977 2419 1091 2451 Multis
1116 2419 1220 2452 forma
1246 2420 1336 2453 iuris.
