1651 2680
689 106 851 140 -268
910 123 945 127 —

236 203 395 229 Collectan.
423 211 475 227 ms.
501 201 679 236 Tegurinum
705 209 780 228 saec.
809 199 851 228 10.
880 200 953 229 Clm.
977 201 1129 228 Monacen.
1161 198 1266 227 19412.
1288 213 1325 217 —
1346 196 1392 226 30.
1413 194 1474 226 Ei-

161 239 265 272 δοξίας
286 237 318 272 ὃς
339 235 437 266 ὅπλον
458 239 659 275 στεφανώσας
679 235 770 275 κύριε.
788 253 822 258 -
842 237 880 266 33
900 247 965 265 ema
978 251 1015 260 =
1030 235 1118 277 αἷμα.
1132 253 1169 258 —
1183 236 1474 274 Doppelakrostich:

159 279 294 306 Insontes
315 279 443 310 Domini,
465 278 548 304 nobis
570 279 730 304 succurrite
751 279 861 310 sancti3
887 277 938 304 dei·
959 278 1109 305 Versasser
1129 279 1220 304 nennt
1240 275 1303 304 sich
1326 275 1398 302 Vers
1425 272 1473 302 27,

607 390 673 420 228.
716 389 756 419 De
777 392 883 420 sancto
904 389 1022 420 lodoco.

370 471 527 503 Mulciber
552 471 677 502 exsulta
702 479 802 509 mons,
829 470 944 502 crebra
968 470 1063 501 laude
1089 469 1218 505 resulta,

370 520 488 551 Iudoco
514 517 595 550 fulta
620 519 748 550 venient
773 518 831 548 tibi
857 526 941 549 nunc
967 517 1049 549 bona
1074 517 1183 549 multa.

370 567 438 598 Nec
465 566 548 598 mala
574 570 647 597 sunt
672 566 747 600 ulla÷
775 565 852 596 mihi
878 565 904 597 si
932 565 1026 596 datur
1050 565 1157 605 ampla
1183 564 1322 604 gugulla.

370 615 453 646 Laus
480 614 538 646 tibi
565 614 616 655 sit,
644 613 780 654 Christe,
807 613 895 644 cuius
921 613 1040 652 pietate
1066 612 1115 645 vir
1139 613 1208 653 iste,

313 666 342 695 5.
371 662 480 694 Cultor
507 662 711 700 apostolicus,
739 660 887 700 ludocus,
915 661 1003 699 pacis
1027 662 1157 697 amicus,

373 711 532 741 lux-aviam
558 713 647 748 grata
675 718 730 740 sua
757 708 898 750 pignora,
927 713 1026 749 grata,
1055 708 1148 740 beata

368 758 500 788 Mittere
530 757 676 797 dignatus
703 760 749 786 est
776 756 883 795 sicque
908 756 1018 787 iuvare
1044 759 1174 795 paratus

370 805 410 836 Se
438 804 657 836 collaudantes
683 803 749 835 illic
776 807 807 834 et
833 813 902 834 eum
930 808 1127 835 venerantes.

369 853 418 883 Ex
447 853 506 883 hoc
532 861 614 883 nunc
639 852 740 892 gaude
766 851 983 890 manibusque,
1008 851 1150 890 Iuvavia,
1178 851 1295 889 plaude

294 902 345 933 10.
375 901 492 931 Ιηιίοευ
518 904 657 939 praesto.
685 899 778 930 solito
803 899 972 930 iucundior
997 903 1074 930 esto.

371 948 432 979 Sed
460 947 560 986 magis
586 948 718 987 exsulta,
745 956 833 977 mons
856 946 1041 986 Erntrudis,
1067 945 1141 986 quia
1166 946 1266 977 multa

372 996 428 1026 Est
457 996 513 1026 tibi
543 995 659 1026 collata
686 1004 748 1034 pax
773 994 852 1025 baec
879 1002 937 1034 per
962 994 1095 1033 pignora
1122 998 1222 1032 grata.

371 1043 396 1073 Ο
423 1042 539 1074 furtum
570 1043 696 1082 dignum
724 1042 986 1082 sacrilegiumque
1011 1041 1200 1080 benignum!

371 1091 481 1122 Iudoci
507 1091 620 1130 pignus
649 1099 702 1121 cur
729 1090 787 1120 hoc
813 1088 924 1120 venit?
947 1089 1021 1128 quia
1048 1090 1172 1129 dignus,

290 1141 343 1172 15.
373 1138 482 1169 Latius
508 1143 543 1169 ut
570 1143 700 1172 crescat.
730 1138 877 1176 Iudocus,
904 1137 1020 1176 ubique
1046 1138 1192 1168 virescat.

371 1185 424 1217 Sic
450 1190 570 1225 pateat,
597 1186 706 1224 quanti
732 1185 773 1216 sit
799 1184 914 1224 ubique
939 1185 1082 1223 potentia
1108 1185 1208 1215 sancti

369 1233 471 1264 Huius
500 1232 636 1272 mirifici,
663 1233 780 1264 Christi
808 1232 923 1272 regalis
949 1232 1052 1270 amici,

369 1281 499 1312 Morbos
527 1281 666 1311 curantis
693 1283 723 1311 et
749 1285 885 1310 maestos
911 1279 1129 1311 exhilarantis.

366 1328 390 1359 O
415 1328 532 1359 Iudoce
559 1332 659 1369 pater,
686 1335 726 1358 ne
752 1336 800 1357 me
827 1328 931 1366 capiat
957 1327 1044 1358 locus
1071 1331 1150 1363 ater,

288 1377 344 1407 2⁶⁷».
373 1375 534 1407 Christum
563 1375 693 1414 dignare
719 1384 778 1413 pro
804 1384 863 1412 me,
891 1379 921 1405 te
947 1383 1074 1413 quaeso,
1101 1382 1224 1413 rogare.

231 1450 350 1476 collect.
379 1458 432 1475 ms.
455 1450 627 1477 zwettlense
655 1458 728 1476 saec.
756 1448 798 1476 13.
842 1450 910 1476 Cod.
933 1449 1081 1476 Zwettlen.
1109 1447 1153 1475 64.
1179 1448 1244 1476 add.
1265 1456 1341 1475 saec.
1365 1447 1408 1476 14.
1430 1463 1467 1468 -—

156 1486 190 1513 14
217 1496 267 1514 cur
295 1488 349 1515 hoc
376 1497 445 1514 vere
473 1489 553 1523 quia.
575 1502 609 1505 —
632 1488 704 1514 Dies
725 1487 849 1514 Gedieht
873 1487 1016 1514 bexichtet
1035 1497 1092 1514 von
1114 1488 1208 1514 einem
1228 1487 1468 1522 Reliqujendieb-

155 1525 247 1552 stahle
268 1526 314 1552 fiir
336 1526 503 1561 Nonnberg.

604 1600 672 1629 229.
714 1598 753 1628 De
777 1602 881 1629 sancto
904 1598 1018 1628 lodoeo.

364 1681 450 1712 Iuste
478 1680 604 1717 Iudoce,
632 1688 759 1719 precum
787 1683 965 1710 nostrarum
992 1680 1118 1719 suscipe
1145 1689 1248 1721 voces,

365 1728 423 1760 Tu.
450 1728 503 1767 qui
529 1727 610 1758 iuste
637 1728 742 1766 (10005,
769 1727 809 1758 ad
838 1727 933 1758 vitam
961 1736 1018 1758 nos
1044 1727 1135 1759 trahe
1161 1732 1276 1762 tecum.

367 1775 521 1806 Iudicium
548 1775 653 1806 docuit
678 1775 753 1807 fidei
781 1775 924 1806 doctrina
951 1775 1095 1817 ludocus,

413 1823 506 1855 Unde
532 1823 580 1853 sui
606 1823 709 1862 potuit
735 1822 869 1853 nominis
895 1831 962 1853 esse
988 1823 1086 1855 locus.

306 1874 337 1902 ξι.
365 1871 457 1902 Felix
485 1869 657 1909 confessor,
682 1873 792 1910 pastor
817 1871 1009 1910 venerande,
1038 1872 1164 1913 Iudoce,

414 1918 505 1949 Vitae
531 1917 703 1956 confessor,
730 1927 787 1948 nos
814 1917 960 1949 faciendo
988 1919 1075 1951 doce.

365 1965 493 1997 Summo
518 1966 655 1997 clamore
680 1965 738 1997 tibi
764 1965 833 1996 laus
860 1970 907 1997 est
933 1965 1048 2008 danda,
1079 1967 1207 2007 Iudooe,

364 2013 507 2045 Iucunda
534 2023 610 2044 voce
636 2012 773 2045 faventis
800 2013 905 2044 cordis
932 2023 1049 2048 amore.

365 2061 467 2093 Corde
494 2061 696 2100 laetabundo,
722 2064 815 2100 pater
840 2062 930 2102 alme,
959 2070 1071 2101 preces
1096 2062 1156 2093 tibi
1183 2061 1295 2100 fundo,

284 2110 336 2141 10.
364 2108 425 2142 Qui
451 2109 563 2148 procul
589 2119 608 2140 a
633 2108 750 2140 mundo
777 2107 920 2148 fugiebas
946 2114 979 2140 ut
1007 2110 1206 2143 moribundo.

366 2156 418 2187 Sic
443 2166 493 2188 me
518 2166 579 2188 non
607 2158 733 2195 mundo,
761 2157 916 2188 scelerum
943 2158 995 2196 qui
1021 2159 1116 2190 sorde
1141 2159 1297 2192 redundo.

363 2204 461 2243 Iunge
487 2205 554 2236 Deo
581 2205 698 2236 mundo
723 2212 783 2243 me,
809 2205 863 2243 qui
889 2205 1036 2236 meritum
1061 2205 1138 2238 mihi
1164 2216 1226 2239 non
1253 2207 1306 2247 do,

365 2251 412 2282 Ne
439 2252 582 2284 barathri
610 2251 708 2284 fundo
734 2261 868 2294 merear,
894 2253 992 2292 Deus,
1019 2262 1088 2285 esse
1113 2253 1284 2294 profundo.

227 2326 349 2354 Collect.
383 2335 436 2353 ms.
457 2324 632 2355 vaettlense
657 2335 732 2355 saec.
762 2324 806 2354 13.
848 2328 918 2355 Cod.
940 2325 1090 2356 Zwettlen.
1111 2327 1158 2356 64.
1180 2330 1245 2358 add.
1268 2340 1343 2360 saec-
1366 2330 1410 2359 14.
1430 2346 1468 2351 ——

151 2366 222 2392 Dies
252 2364 376 2393 Gedicht
409 2365 524 2393 scheint
554 2374 607 2392 aus
636 2366 788 2393 mebreren
819 2365 969 2393 kleineren
999 2373 1280 2404 zusammengesetzt
1307 2369 1366 2397 und
1391 2371 1468 2398 nach

147 2404 221 2431 Vers
245 2402 279 2431 12
298 2403 416 2437 (mundo
441 2418 476 2423 —
497 2412 555 2431 non
575 2404 623 2437 do)
648 2403 867 2432 franzfisischen
888 2403 1074 2442 Ursprunges
1096 2414 1132 2433 zu
1153 2408 1226 2435 sein.
