1651 2680
699 109 864 146 —347
916 132 958 136 —

181 207 239 241 69.
264 206 314 239 Tu
338 215 443 238 meum
468 213 502 237 es
527 204 696 248 refugium,

178 677 234 710 70.

174 1147 230 1181 71.

165 2086 221 2120 73.

316 254 399 295 Iesu,
426 253 597 294 singulare,

265 301 315 334 Tu
339 301 418 334 mihi
443 301 637 334 adiutorium

311 349 434 389 praebe
461 349 613 389 salutare,

262 397 319 438 Ut,
345 405 427 437 quae
454 397 607 441 commisi,
635 399 758 431 scelera

309 454 430 485 possim
457 453 590 484 explare

260 493 305 525 Et
327 502 347 524 a
371 491 521 525 nefandis
547 495 673 527 actibus

310 541 350 573 de
376 545 483 573 cetero
510 550 646 575 cessare.

261 675 441 716 Singularis
467 676 545 708 mihi
569 686 644 717 spes

309 729 357 756 est
383 724 416 755 in
441 728 472 755 te
498 725 568 756 Deo
595 734 682 765 vere,

259 771 319 811 Qui
344 772 525 804 illustrator
551 774 658 805 cordis
686 782 729 811 es,

308 820 349 851 da
375 821 517 862 veniam,
545 831 637 861 quam
665 831 794 862 quaero,

259 868 353 900 Licet
378 869 461 900 enim
489 871 702 912 peccaverim,

309 920 416 947 tamen
440 926 502 948 non
531 919 679 958 despero,

258 965 348 1004 Quia,
377 965 404 995 si
430 974 480 996 me
507 966 714 1008 converteris,

307 1017 458 1053 peccator
484 1013 546 1045 iarn
573 1024 636 1045 non
663 1022 728 1048 er0.

257 1147 326 1179 Tua
352 1157 487 1187 namque
513 1149 617 1188 pietas

304 1196 337 1226 in
364 1195 454 1227 brevi
481 1202 572 1228 curat
600 1197 679 1228 hora

255 1244 309 1279 Et,
337 1253 417 1284 quos
445 1245 523 1281 vult,
550 1250 604 1277 tua
630 1246 733 1285 gratia

303 1293 448 1324 immutat
476 1293 544 1324 sine
572 1303 670 1334 mora,

253 1340 303 1371 Tu
327 1345 401 1372 tuae
427 1349 514 1373 more
540 1342 663 1382 gratiae

302 1397 357 1420 cor
383 1398 484 1420 meum
511 1390 625 1426 irrora,

254 1437 314 1476 Qui
340 1438 465 1469 occulta
491 1439 635 1470 cordium

302 1486 387 1517 nosti
414 1485 579 1518 interiora.

222 1639 229 1646 .
258 1614 416 1647 Converte
442 1625 567 1648 servum
595 1617 740 1657 impium,

301 1664 433 1695 immuta
461 1665 711 1705 delinquentem,

250 1711 316 1743 Fer
346 1722 401 1744 reo
427 1714 615 1751 remedium,

302 1761 412 1792 relaxa
439 1762 667 1801 paenitentem,

250 1808 430 1841 Contritum
458 1810 510 1849 pie
536 1811 664 1850 suscipe

295 1857 427 1890 absolve
453 1858 667 1898 confitentem,

249 1905 292 1938 Ut
319 1906 365 1938 sic
391 1907 423 1938 in
450 1915 549 1947 regno
575 1907 698 1946 gloriae

295 1963 346 1986 me
373 1953 474 1987 facias
499 1956 702 1995 gaudentem.

249 2085 298 2118 Tu
325 2085 408 2116 enim
435 2095 490 2117 ore
515 2086 650 2126 proprio

297 2133 467 2165 benedicto
495 2134 617 2174 dixisti,

247 2182 339 2222 Quod
365 2182 408 2214 ad
434 2183 607 2214 salvandos
633 2180 778 2222 perditos

295 2230 411 2262 missus
438 2231 603 2269 exstitisti,

247 2278 291 2310 Et
317 2279 402 2318 quod
429 2288 501 2310 reos
528 2279 569 2310 ad
596 2277 722 2310 veniam

296 2335 450 2359 revocare
476 2327 612 2365 venist13

247 2375 320 2407 Hoc
345 2375 442 2407 dictis
467 2379 564 2416 atque
590 2373 738 2415 piurimis

294 2424 450 2464 exemplis
476 2423 656 2456 astruxisti.

874 211 930 244 74.

868 1150 923 1182 76.

957 210 1028 243 Non
1055 217 1105 244 est
1129 212 1215 243 enim
1239 213 1421 246 valentibus

1006 269 1085 299 opus
1111 260 1303 301 medicante,

956 306 1018 339 Sed
1046 309 1129 340 male
1154 317 1188 339 se
1215 309 1406 341 habentibus

1004 358 1128 388 medico
1154 361 1296 390 sanante.

956 404 1045 435 Haec
1070 405 1124 446 pia
1151 414 1211 435 vox
1239 405 1379 436 insonuit

1003 456 1034 483 te
1060 454 1113 492 pio
1139 453 1327 492 predicante

954 499 997 530 Et
1023 500 1065 531 ad
1091 501 1320 540 paenitentiam

1002 552 1186 589 peccatores
1214 552 1357 580 vocante.

920 707 928 714 .
954 682 1004 713 Tu
1029 682 1083 721 pie
1108 682 1147 712 de
1172 681 1320 713 theloneo

1000 729 1203 768 publicanum
1231 731 1361 769 vocasti,

951 777 999 808 Tu
1025 778 1056 808 in
1084 777 1244 809 adulterio

1004 826 1238 865 deprehensam
1265 826 1408 866 salvasti,

956 873 1004 904 Tu
1032 874 1178 912 negantis
1207 874 1355 914 discipuli

1003 922 1126 960 lapsum
1156 923 1314 960 reparasti

954 969 997 1000 Et,
1023 969 1167 1008 paradisi
1193 969 1313 1000 aditum

1002 1017 1116 1048 latroni
1145 1018 1306 1049 reserasti.

950 1151 999 1182 Tu
1024 1161 1098 1182 vere
1125 1152 1354 1191 paenitentiam

999 1209 1072 1238 spes
1101 1204 1131 1231 et
1159 1204 1336 1238 reparator,

950 1247 997 1278 Tu
1025 1248 1065 1279 ad
1093 1253 1123 1279 te
1150 1248 1401 1278 convertentium

999 1299 1166 1335 susceptor
1192 1301 1221 1326 et
1249 1302 1383 1334 amator,

950 1343 997 1374 Tu
1025 1353 1058 1374 es
1086 1345 1115 1375 in
1146 1347 1176 1373 te
1204 1344 1401 1375 credentium

998 1393 1180 1423 misericors
1207 1392 1349 1423 salvator

948 1439 989 1470 Et
1017 1441 1073 1470 tibi
1103 1440 1309 1471 servientium

997 1488 1105 1529 largus
1132 1492 1363 1519 remunerator.

912 1645 918 1650 .
947 1618 992 1649 Te
1019 1618 1125 1649 nullus
1152 1617 1292 1649 fideliter

994 1675 1131 1706 unquam
1159 1666 1329 1706 invocavit,

947 1715 1006 1753 Qui
1033 1724 1094 1746 non
1122 1714 1375 1746 misericorditer

996 1763 1139 1794 levamen
1168 1763 1371 1804 impetravit,

948 1810 1064 1841 Nullus
1091 1820 1230 1849 unquam
1255 1810 1406 1842 confusus
1425 1817 1483 1854 est,

994 1859 1046 1897 qui
1073 1859 1103 1889 in
1131 1862 1162 1888 te
1188 1859 1341 1898 sperarit,

945 1906 1014 1937 Nec
1040 1911 1087 1937 est
1115 1906 1266 1937 seductus
1293 1907 1419 1949 aliquis,

997 1956 1049 1994 qui
1077 1955 1175 1986 corde
1202 1959 1232 1985 te
1259 1956 1392 1995 rogarit.

946 2085 1004 2123 Qui
1033 2085 1131 2124 igitur
1157 2084 1188 2115 in
1215 2085 1312 2116 tantis
1340 2095 1373 2117 es

993 2133 1175 2164 misericors
1202 2133 1366 2175 probatus,

946 2181 991 2214 Ut
1019 2180 1090 2212 fons
1116 2181 1357 2214 misericordiae

994 2229 1037 2259 sis
1066 2229 1180 2261 merito
1207 2234 1346 2273 vocatus,

948 2279 1063 2309 Preces
1090 2277 1136 2309 rei
1162 2279 1281 2309 servuli

997 2326 1114 2357 exaudi
1140 2325 1320 2367 miseratus,

946 2373 1118 2406 Diniittens
1143 2374 1170 2405 ei
1197 2375 1307 2407 debita

990 2423 1237 2463 condonansque
1263 2428 1380 2456 reatus.
