1651 2680
714 109 971 144 —263—

181 208 242 241 25.
269 206 380 246 Virgo,
405 213 485 246 quae
511 204 596 236 viros
622 205 741 238 liberas

317 254 452 286 vexatos
478 262 497 284 a
520 253 698 293 daemonio,

266 302 333 334 Fac
357 304 478 333 mentes
504 304 630 332 nostras
657 302 775 334 liberas

313 350 343 382 A
371 349 558 381 daemonum
587 350 736 382 dominio.

178 438 235 470 26.
265 437 372 476 Virgo,
399 445 479 475 quae
502 445 628 468 caecam
653 437 807 477 virginem

310 484 460 516 Redditis
486 493 580 516 sanas
606 485 718 525 oculis,

262 532 381 564 Mentis
406 536 536 563 nostrae
562 533 729 573 caliginem

308 580 460 612 Precibus
489 581 572 619 pelle
598 581 729 612 sedulis.
771 576 774 582 ’

178 668 234 700 27.
264 667 370 706 Virgo,
398 676 457 707 per
482 677 575 706 quam
603 673 794 707 procuratur

309 715 424 755 Frigus
450 720 482 746 et
507 717 606 748 ardor
632 715 779 753 febrium,

261 765 323 796 Per
348 767 379 794 te
405 763 496 795 nobis
523 765 718 795 concedatur

308 813 396 843 Inter
420 815 590 852 utrumque
616 812 764 844 inedium.

177 900 234 932 28.
265 899 371 938 Virgo,
399 907 479 937 quae
506 907 603 929 naves
629 897 725 929 fluvio

312 946 538 978 Periclitantes
564 946 694 984 liberas,

260 995 326 1027 Nos
351 1004 371 1025 a
396 995 506 1026 mundi
534 994 700 1034 naufragio

309 1043 362 1074 Ad
377 1044 460 1074 vitae
475 1048 601 1082 portum
618 1041 805 1073 transferas.

178 1131 235 1163 29.
265 1130 372 1169 Virgo,
398 1132 510 1160 nactas
536 1130 670 1160 mirifice

309 1178 396 1216 Quae
423 1177 480 1208 das
508 1176 615 1215 fruges
643 1176 808 1218 famelicis,

263 1226 398 1258 Caelesti
427 1234 509 1265 pane
537 1224 641 1262 refice,

306 1275 390 1314 Quos
416 1274 586 1314 temporali
613 1273 728 1307 reficis.

177 1362 234 1395 30.
263 1361 372 1402 Virgo,
399 1369 480 1400 quae
506 1370 565 1400 pro
592 1359 788 1399 pauperibus

311 1409 446 1441 Furtum
472 1407 552 1439 facis
578 1408 742 1439 laudabile

263 1457 352 1488 Dans
378 1465 477 1496 panes
504 1456 733 1496 indigentibus,

311 1505 437 1537 Crimen
463 1514 537 1536 arce
565 1504 758 1536 damnabile.

180 1592 238 1625 31.
267 1592 374 1633 Virgo,
403 1591 540 1623 debilem
566 1591 704 1631 pedibus

309 1639 809 1680 Surdumquesananshominem,

259 1688 309 1720 Da
334 1688 426 1720 nobis
451 1689 562 1728 aequis
588 1687 735 1727 passibus

310 1736 434 1769 Imitari
460 1741 491 1767 te
518 1736 683 1776 virginem.

176 1824 234 1856 32.
264 1824 372 1864 Virgo,
399 1832 458 1863 per
483 1832 576 1863 quam
604 1821 792 1862 parentibus

309 1871 395 1904 Sana
420 1871 569 1904 redditur
593 1870 658 1902 filia

260 1921 310 1953 De
336 1921 403 1952 vita
429 1918 687 1960 desperantibus,

308 1969 380 2001 Duc
405 1978 462 2000 nos
488 1969 528 2000 ad
548 1968 633 1998 vitae
651 1967 807 2007 praemia.

175 2052 231 2085 33.
264 2050 369 2091 Virgo,
397 2059 478 2090 quae
503 2050 610 2090 parcis
637 2049 756 2080 bomini

307 2098 439 2131 Nolenti
464 2107 557 2130 servo
583 2106 727 2137 parcere,

259 2147 399 2180 Caelesti
424 2149 496 2178 tuos
521 2146 639 2186 agmini

307 2194 408 2227 Stude
434 2203 544 2226 servos
570 2194 774 2233 coniungere.

178 2279 234 2312 34.
261 2277 376 2317 Virgo,
403 2275 507 2308 foedis
534 2275 677 2315 vestigiis

307 2324 450 2358 Foedum
466 2323 580 2365 fugans
597 2323 808 2363 daemonium,

259 2374 290 2406 A
317 2372 511 2405 foetentibus
538 2372 624 2405 vitiis

310 2422 418 2463 Purga
441 2424 566 2453 secreta
593 2419 750 2452 cordium.

876 209 932 242 35,
963 209 1067 249 Virgo,
1098 211 1184 242 cuius
1210 211 1384 251 potentiam

1005 258 1152 290 Sentiunt
1181 259 1387 299 energumini,

958 304 1006 336 Da
1032 305 1122 336 nobis
1148 307 1337 347 sapientiam

1004 353 1122 385 Christi
1149 355 1294 387 devotam
1323 355 1452 387 nomini.

871 440 927 472 36.
959 440 1065 479 Virgo,
1092 439 1227 472 fractum
1255 451 1309 473 vas
1335 442 1397 473 olei

1006 488 1098 518 Pulso
1132 488 1308 520 reformans
1335 490 1500 529 daemone,

957 535 1141 574 Praeceptis
1168 543 1296 568 sanctae
1323 537 1398 568 fidei

1004 583 1121 614 Parere
1151 590 1221 615 tuos
1248 586 1394 617 admone.

867 670 921 701 37.
952 669 1060 709 Virgo,
1088 679 1168 708 quae
1196 672 1296 702 demis
1326 672 1466 710 pluviam

1000 717 1160 750 Messibus
1187 724 1218 749 et
1243 719 1449 757 messoribus,

955 765 1034 803 Riga
1061 768 1167 797 cordis
1196 767 1344 798 duritiam

1002 813 1185 846 Salutiferis
1211 815 1376 848 imbribus

870 900 925 931 38.
956 900 1062 936 Virgo,
1092 909 1171 939 quae
1197 911 1313 940 corpus
1341 901 1459 932 liberas

1001 948 1196 987 Oppressum
1232 950 1342 980 morbo
1374 950 1498 981 calculi.

955 995 1112 1026 (ordibus
1140 998 1256 1028 nostris
1283 997 1410 1028 auferas

1001 1045 1150 1075 Amorem
1181 1046 1271 1075 buius
1297 1046 1426 1077 saeculi.

871 1130 927 1161 39.
958 1130 1063 1169 Virgo.
1093 1140 1173 1169 quae
1199 1132 1390 1162 mirabiliter

1005 1180 1154 1209 lncurvos
1182 1189 1274 1210 sanas
1303 1180 1430 1219 digitos,

954 1226 1038 1257 Sana
1064 1227 1316 1258 misericorditer

1005 1274 1106 1305 Actus
1133 1280 1258 1306 nostros
1284 1276 1425 1308 illicitos

866 1361 922 1393 40.
953 1360 1058 1400 Virgo,
1088 1362 1176 1392 cuius
1204 1363 1387 1401 praesentia

1002 1408 1172 1440 Moventur
1198 1410 1384 1448 immobilia,

952 1457 1019 1488 Fac
1047 1457 1077 1487 in
1107 1457 1235 1489 Christo
1262 1458 1390 1489 stabilia

1003 1505 1120 1538 Corda.
1149 1516 1229 1545 quae
1256 1511 1330 1537 sunt.
1356 1506 1500 1540 mobilia.

872 1592 928 1623 41.
958 1591 1065 1633 Virgo,
1093 1601 1173 1630 quae
1200 1593 1262 1623 tuis
1289 1593 1411 1624 meritis

1001 1639 1166 1679 Sequanae
1201 1642 1295 1672 sedas
1322 1642 1485 1681 impetum.

954 1688 1004 1719 Ab
1031 1688 1155 1720 actibus
1181 1690 1302 1720 illicitis

1003 1736 1172 1777 Restringe
1199 1738 1313 1769 mentis
1335 1738 1497 1777 impetum.

868 1823 924 1854 42.
954 1822 1062 1861 Virgo,
1091 1832 1170 1861 quae
1198 1825 1479 1856 circumstantibus

1000 1870 1052 1901 Ab
1084 1872 1174 1910 aquis
1201 1881 1310 1904 servas
1338 1873 1498 1912 lectulum,

949 1919 1105 1949 Intactum
1134 1920 1225 1950 iustis
1252 1919 1400 1952 fluctibus

1002 1966 1083 2005 Riga
1109 1968 1223 1998 mentis
1251 1968 1443 2002 cubiculum.

871 2050 928 2081 43.
957 2048 1065 2089 Virgo,
1093 2058 1173 2088 quae
1199 2050 1282 2080 sacri
1309 2051 1452 2091 caelitus,

1002 2096 1102 2128 Sedas
1128 2098 1210 2137 iguis
1235 2098 1431 2142 incendium,

955 2145 991 2176 In
1019 2153 1068 2175 me
1096 2146 1262 2178 eriminum
1289 2148 1418 2186 penitus

1003 2193 1164 2233 Extingue
1184 2194 1327 2227 flammas
1350 2196 1502 2228 omnium.

871 2278 926 2308 44.
956 2275 1065 2315 Virgo⁷
1094 2284 1142 2307 me
1169 2280 1255 2308 tuum
1283 2276 1437 2309 famulum

1003 2323 1092 2355 Caeli
1120 2323 1172 2356 fac
1199 2325 1327 2366 dignum
1354 2326 1445 2364 solio,

953 2372 1040 2410 Quae
1074 2371 1179 2404 vivum
1206 2383 1316 2406 servas
1341 2374 1504 2406 servulum

1002 2420 1128 2460 Templi
1153 2422 1277 2462 lapsum
1306 2421 1444 2463 fastigio.
