1651 2680
686 93 943 129 —199—

591 235 654 266 148.
695 233 740 266 De
760 235 858 267 Beata
878 236 980 267 Maria
1001 237 1036 267 V.

167 355 201 389 1.
228 353 310 392 Ave,
335 361 403 384 mea
427 353 587 393 specialis,
859 358 889 388 5.
921 356 1000 395 Ave⁷
1031 356 1102 388 dieo
1128 359 1159 386 te
1185 355 1336 396 salutans,

227 400 377 440 Pulchra,
402 401 520 440 suavis,
547 401 687 438 curialis,
922 403 991 435 Non
1020 403 1177 444 ingratum
1205 403 1263 434 tibi
1290 408 1418 442 putans,

227 449 320 481 Meus
345 457 442 490 amor,
469 458 543 489 spes
568 450 601 481 in
627 449 730 491 malis,
920 451 1051 491 Signum
1079 452 1130 489 da,
1154 451 1237 491 quod
1265 451 1307 482 sis
1336 451 1451 484 vicina.

227 495 299 528 Non
325 499 373 528 est
399 500 508 537 tanta,
535 507 598 528 non
625 502 673 529 est
698 497 783 539 talis,
920 499 1019 530 Tuam
1047 508 1153 530 aurem
1181 499 1242 529 huc
1267 499 1397 537 inclina,

274 544 322 576 Tu
347 544 486 576 omnium
512 545 740 584 pulcherrima.
965 547 1019 578 Me
1044 548 1293 586 qualemcunque
1319 548 1444 579 audias,

227 592 307 631 Ave,
335 596 446 630 mater,
473 594 560 631 audi,
586 602 669 633 cara,
919 596 1005 632 Ave,
1033 595 1120 626 cuius
1147 604 1201 625 cor
1227 595 1341 632 amavi,

227 639 344 672 Sancta
369 649 497 680 parem,
525 650 633 672 aurem
660 650 749 680 para,
919 642 1026 681 vivas,
1056 643 1143 673 vivas
1170 643 1345 673 exclamavi

227 688 399 728 Salutanti,
426 689 632 729 supplicanti,
920 690 961 721 Et
989 700 1044 721 cor
1068 700 1169 722 meum
1197 691 1341 729 coaptavi

225 736 271 768 Te
295 736 424 771 amanti.
451 741 481 768 te
508 737 652 768 laudanti
923 766 928 770 .
983 764 989 770 .
1042 764 1048 769 .
1104 767 1108 771 .
1162 763 1169 770 .
1221 764 1227 769 .
1281 764 1287 770 .
1340 763 1347 770 .
1402 764 1408 770 .

272 784 321 815 Tu
347 793 474 824 semper
499 790 567 816 esto
594 785 751 824 proxima.
968 787 1058 826 Quod
1085 786 1201 819 nescio,
1229 786 1255 816 si
1282 787 1415 819 nescias,

167 892 198 924 2.
225 889 273 921 Tu
298 890 402 930 imago
427 890 487 921 Dei
514 891 596 929 viva,
689 923 697 930 ,
856 894 887 923 6.
915 894 995 923 Ave.
1023 902 1081 923 ave
1109 891 1166 922 tibi
1192 892 1274 933 (lieo,

225 937 411 969 Sanctitatis
438 939 634 978 expressiva,
805 944 809 948 “
913 940 966 971 Me
995 940 1110 971 habeto
1136 949 1194 978 pro
1220 940 1332 971 amico.

226 985 354 1017 Vultum
381 990 468 1017 tuum
496 987 703 1024 rosulentum,
916 988 984 1018 Nec
1011 988 1062 1027 sit,
1090 997 1173 1022 calu,
1202 987 1260 1018 tibi
1288 997 1395 1026 grave,

223 1034 436 1073 Adornatum,
461 1035 653 1066 luculentum
914 1036 1006 1073 Quod
1035 1035 1202 1076 frequento
1230 1040 1315 1065 tuum
1344 1044 1413 1068 uve.

269 1081 432 1121 Recogito,
460 1083 639 1115 considero.
961 1083 1039 1119 Nec,
1067 1083 1170 1123 qualis
1189 1083 1258 1121 sim,
1283 1084 1473 1116 memineris.

222 1129 356 1163 Vellem,
382 1130 499 1161 vellem
524 1134 554 1161 te
581 1130 710 1171 sentire,
913 1132 981 1162 Ave
1009 1141 1105 1162 suave
1132 1131 1190 1161 tilii
1219 1130 1297 1169 fero,

223 1177 314 1216 Quod
328 1178 371 1208 sis
386 1187 548 1217 praesens,
565 1178 778 1219 facmescire,
911 1179 957 1210 Te
987 1180 1171 1220 complexus
1197 1179 1294 1209 eorde
1323 1189 1420 1214 mero,

223 1225 400 1256 Intuentem
427 1226 562 1263 intuere,
912 1227 991 1258 Esto
1010 1236 1172 1267 praesens,
1202 1228 1275 1257 dum
1295 1232 1325 1258 te
1344 1237 1471 1267 quaero,

223 1273 331 1305 Sinum
357 1277 445 1305 tuum
473 1273 524 1306 sac
550 1278 672 1314 patere,
913 1275 958 1306 Te
985 1278 1186 1314 praesentem
1213 1285 1272 1305 non
1302 1276 1452 1315 despero,

269 1321 323 1353 Me
348 1325 448 1353 totum
475 1322 533 1353 tibi
560 1322 669 1354 offero.
962 1325 1131 1354 Amantem
1164 1328 1194 1353 te
1221 1332 1258 1353 ne
1285 1324 1403 1356 oderis

159 1428 194 1461 3,
221 1428 300 1469 Ave,
329 1436 397 1465 ave,
425 1427 527 1459 dulcis
554 1437 636 1467 rosa,
855 1429 885 1460 7.
913 1430 993 1460 Ave.
1021 1438 1088 1460 mea
1117 1438 1209 1467 quam
1238 1429 1365 1464 dilecta,

220 1475 377 1514 Delicata,
404 1476 556 1515 pretiosa,
913 1476 1009 1508 Cuius
1037 1478 1130 1508 melle
1160 1486 1246 1507 mens
1273 1477 1386 1508 allecta

221 1523 402 1564 Diligenter
428 1523 591 1564 inquisita,
914 1524 1032 1563 Currit,
1059 1526 1161 1557 ardet.
1189 1525 1315 1563 gaudet,
1347 1531 1442 1561 amat,

221 1571 373 1603 Sitienter
399 1573 577 1612 concupita,
912 1575 991 1614 Ave,
1021 1574 1119 1612 salve,
1146 1573 1248 1611 gaude
1272 1574 1398 1607 clamat,

269 1619 334 1652 Cur
360 1620 544 1659 diligentem
571 1620 735 1660 despicis?
963 1624 1063 1660 Quam
1095 1621 1196 1653 dulcis
1222 1630 1255 1652 es
1281 1622 1471 1656 amantibus,

222 1667 296 1707 Diu,
324 1668 378 1700 diu
404 1677 454 1699 me
480 1669 668 1709 neglectum,
913 1672 993 1708 Ave,
1021 1670 1158 1700 clemens
1185 1669 1350 1712 advocata,

220 1716 443 1748 Praetermitis
468 1723 501 1747 ut
528 1717 698 1751 abiectum,
913 1718 966 1750 Sic
992 1727 1010 1748 a
1036 1718 1098 1748 tuis
1125 1726 1157 1747 es
1185 1721 1307 1758 vocata,

222 1764 280 1797 Pia
304 1768 408 1796 mater
433 1765 619 1805 appellaris,
913 1765 1003 1796 Licet
1031 1767 1102 1797 vilis
1129 1765 1188 1795 sim
1216 1775 1362 1804 persona,

218 1812 268 1844 Ne
293 1813 325 1844 in
351 1812 445 1845 finem
472 1813 633 1853 irascaris,
911 1813 987 1845 Mea
1012 1818 1117 1845 tamen
1146 1819 1179 1844 tu
1205 1819 1350 1854 patrona.

267 1862 421 1893 Amantes
447 1865 478 1892 te
505 1871 567 1892 non
595 1861 728 1900 decipiS.
962 1862 1160 1893 Praesidium
1188 1863 1218 1892 in
1246 1863 1401 1894 omnibus.

161 1970 198 2003 4.
225 1969 307 2008 Ave,
333 1977 403 2000 mea
429 1968 611 2008 singulam,
853 1969 884 2001 8.
912 1969 992 2007 Ave,
1021 1969 1109 2000 cuius
1134 1978 1222 1998 amor
1249 1969 1356 2005 mirus,

221 2016 317 2057 Rosa,
344 2025 418 2048 rosa
443 2021 477 2048 tu
504 2017 648 2058 vocaris3
914 2017 973 2055 Qui
1000 2021 1031 2048 te
1057 2016 1148 2057 fugit,
1173 2022 1220 2047 est
1247 2017 1378 2057 delirus,

221 2064 266 2097 Et
291 2065 368 2104 quid
396 2063 498 2096 dicam
525 2065 588 2096 tuis
615 2064 709 2103 caris,
914 2066 1053 2104 Propter
1078 2069 1109 2096 te
1136 2065 1188 2104 qui
1216 2065 1305 2096 stulti
1333 2066 1422 2104 fiunt,

222 2112 257 2145 Si
281 2116 464 2153 sperantem
489 2114 684 2153 aspernari&
915 2113 1014 2145 Omne
1039 2113 1155 2144 bonum
1183 2122 1239 2152 per
1265 2117 1296 2144 te
1323 2115 1425 2145 sciunt

271 2161 306 2194 Si
333 2161 516 2201 diligentem
545 2159 710 2201 despicis?
960 2162 1101 2201 Agentes
1126 2161 1221 2192 vitam
1248 2161 1392 2196 liberam.

221 2210 275 2242 Ad
302 2213 334 2240 te
359 2210 473 2241 vadam
501 2214 533 2241 et
560 2214 592 2240 te
618 2217 781 2249 quaeram,
913 2210 999 2240 Tuus
1026 2210 1142 2240 stultus
1169 2218 1238 2240 esse
1265 2211 1346 2248 volo.¹

217 2258 314 2292 Cuius
341 2266 406 2298 ero,
434 2267 502 2289 sum
530 2262 560 2289 et
587 2266 684 2296 erani2
912 2258 1011 2297 Quam
1039 2267 1077 2289 ex
1104 2262 1170 2288 toto
1196 2259 1292 2289 corde
1321 2259 1400 2299 colo,

221 2306 435 2347 Quoadusque
461 2305 609 2339 lacessita
914 2306 1017 2338 Causa
1043 2306 1088 2337 tui
1115 2305 1142 2337 si
1169 2306 1357 2338 confundor.

218 2353 425 2388 Convertaris
451 2355 502 2387 vel
528 2355 640 2393 invita,
915 2355 994 2386 Inde
1021 2355 1122 2386 laetor
1148 2358 1177 2385 et
1204 2355 1369 2391 iucundor,

267 2403 356 2444 Quae
381 2403 500 2444 diligis,
528 2412 606 2443 quos
633 2401 736 2442 eligis.
964 2403 1116 2434 Libenter
1142 2407 1255 2434 cuncta
1283 2404 1443 2436 sufferam.
